4494 6426
1036 393 1084 450 EX
1102 393 1259 450 HONORII
1277 394 1317 448 Ill
1335 392 1515 450 REGIS'I'RO

749 649 758 666 .
788 649 796 666 .
824 591 1093 666 Taurinensi
1121 596 1163 667 et
1195 648 1203 666 .
1232 648 1240 665 .
1268 591 1542 668 Vercellensi
1571 589 1805 686 episeopis.

565 743 774 808 Venerabilis
798 742 900 808 frater
921 747 1034 807 noster
1058 793 1065 808 .
1090 793 1098 809 .
1122 742 1378 808 Mediolanensis
1401 743 1689 830 archiepiscopus¹
1712 763 1845 826 gravem
1867 739 1964 805 nobis
1987 739 2105 804 obtulit

449 849 672 933 questionem,
707 846 791 932 quod
820 846 861 910 A.
892 852 1041 931 potestas
1072 847 1186 932 populi
1213 845 1471 912 Mediolanensis
1501 868 1629 911 necnon
1659 852 1692 911 et
1720 846 1790 931 ipse
1820 845 1962 932 populus
1992 852 2104 910 contra

449 973 525 1017 eum
547 953 698 1038 nequiter
720 952 961 1037 conspirantes,
991 972 1050 1036 pro
1073 971 1112 1015 eo
1136 950 1223 1036 quod
1245 956 1458 1015 manutenere
1487 951 1601 1014 nititur
1624 948 1881 1014 ecclesiasticam
1904 948 2103 1026 libertatern,

449 1055 556 1141 ipsum
578 1057 612 1120 in
634 1056 743 1120 banno
766 1075 889 1140 ponere
913 1075 996 1118 ausu
1018 1054 1190 1118 temerario
1214 1059 1495 1139 presumpserunt.
1540 1052 1584 1117 Et
1612 1054 1690 1117 licet
1718 1057 1852 1137 propter
1878 1050 1940 1115 hoc
1972 1052 2039 1115 lata
2062 1052 2104 1115 sit
2154 1076 2164 1110 a

450 1159 796 1224 excommunicationis
814 1158 977 1223 sententia
992 1159 1025 1222 in
1041 1156 1185 1238 eosdem,
1210 1157 1273 1243 ipsi
1289 1162 1398 1221 tamen
1417 1157 1451 1220 in
1468 1178 1525 1221 suc
1545 1156 1726 1240 iniquitatis
1743 1154 1862 1219 duritia
1878 1155 2103 1237 persistentes,

448 1282 514 1326 non
538 1265 643 1327 solum
666 1284 731 1328 non
756 1263 924 1347 corrigunt
947 1261 1033 1347 qnod
1057 1268 1181 1327 temere
1206 1266 1457 1346 attemptarunt,
1480 1282 1593 1326 verum
1617 1260 1716 1324 etiam
1739 1258 1887 1323 insidiari
1910 1260 1976 1323 vite
2000 1259 2104 1345 ipsius

449 1365 688 1452 archiepiscopi
715 1386 781 1430 non
808 1373 971 1432 verentur.
1016 1365 1099 1430 Cum
1121 1366 1221 1450 igitur
1249 1371 1316 1429 tam
1346 1364 1487 1429 absurde
1514 1363 1709 1428 temeritatis
1739 1361 1877 1426 abusum
1906 1362 2049 1427 tolerare
2071 1363 2104 1427 in

448 1469 608 1554 patientia
635 1489 701 1533 non
729 1468 887 1549 velimus,
916 1469 1113 1534 fraternitati
1143 1475 1253 1532 vestre
1280 1489 1340 1554 per
1366 1469 1549 1555 apostoliea
1572 1468 1693 1552 scripta
1714 1464 1921 1546 mandamus,
1952 1467 2104 1550 quatinus

449 1571 549 1635 latam
577 1572 611 1635 in
643 1593 700 1636 eos
731 1571 1080 1636 excommunicationis
1116 1571 1311 1635 sententiam
1346 1572 1484 1656 pulsatis
1518 1569 1683 1655 campanis
1717 1575 1751 1634 et
1780 1568 1925 1633 candelis
1954 1569 2103 1632 accensis

450 1673 675 1759 sollempniter
708 1673 916 1759 publicantes
950 1674 1088 1758 singulis
1129 1673 1244 1739 diebus
1279 1674 1450 1738 dominicis
1489 1680 1522 1738 et
1559 1674 1686 1738 festivis
1720 1693 1778 1759 per
1811 1673 1884 1736 looa
1918 1672 1951 1736 in
1986 1672 2105 1756 quibus

449 1775 597 1840 videritis
619 1775 786 1862 expedire,
810 1798 848 1841 ac
863 1777 1084 1862 precipientes
1100 1798 1203 1862 usque
1227 1777 1268 1840 ad
1284 1777 1539 1841 satisfactionem
1557 1775 1751 1860 condignam
1772 1775 1908 1839 firmiter
1924 1774 2104 1855 observari,

449 1880 644 1944 auctoritate
667 1886 780 1944 nostra
808 1880 986 1944 districtius
1015 1879 1164 1944 inhibere
1193 1881 1327 1961 curetis,
1356 1903 1398 1945 ne
1426 1880 1523 1944 dietis
1553 1879 1679 1944 civibus
1709 1880 1742 1942 in
1771 1878 1958 1943 huiusmodi
1985 1878 2106 1942 duritia

449 1983 717 2068 persistentibus,
740 1984 850 2068 aliqua
873 1983 987 2047 civitas
1011 2004 1124 2048 eorum
1147 1984 1290 2069 aliquem
1312 1989 1480 2070 presumat
1503 2004 1669 2048 assumere
1692 1983 1727 2047 in
1750 1987 1925 2054 rectorem,
1953 1983 2104 2047 nullusve

449 2085 598 2171 regimen
630 2085 886 2151 Mediolanensis
928 2086 1048 2151 audeat
1085 2109 1254 2152 assumere
1287 2087 1445 2168 civitatis,
1483 2108 1544 2150 uec
1578 2108 1651 2151 oum
1686 2087 1735 2152 eis
1768 2084 1899 2170 aliquod
1933 2085 2103 2150 celebrare

454 2189 661 2274 colloquium,
685 2191 911 2255 commertium
934 2191 987 2255 rel
1012 2196 1224 2271 contractum,
1249 2191 1276 2254 si
1300 2190 1440 2255 similem
1463 2188 1628 2254 desiderat
1651 2190 1849 2254 sententiam
1873 2190 2008 2254 evitare.

557 2309 632 2375 Dat.
654 2308 771 2392 Alatri,
793 2310 867 2378 Kal.
891 2310 986 2394 Iunii,
1010 2333 1095 2378 anno
1118 2313 1176 2380 VI.

1233 2801 1320 2874 200.

558 2895 745 2988 fflnorias
780 2920 848 2985 ΠΙ
872 2942 963 3002 papa
1004 2923 1160 2988 univorsis
1196 2922 1317 2989 Christi
1346 2923 1492 3005 fidelibus
1525 2927 1632 2987 aotam
1663 2921 1757 3003 facit,
1796 2943 1827 2988 so
1861 2924 2004 2987 missibus
2038 2945 2107 2987 ocra

443 3025 691 3107 poenitentibus,
721 3025 777 3106 qai
805 3024 849 3088 ad
878 3024 1036 3089 ecclesiam
1065 3025 1362 3090 Halberstadcasem
1392 3025 1443 3089 die
1471 3026 1634 3089 aciusdam
1664 3025 1882 3090 soltcnmitats's
1912 3028 2106 3105 acoessorint,

450 3129 663 3211 quadruplata
685 3127 751 3193 dics
773 3127 809 3193 de
831 3129 984 3193 iniunctis
1000 3129 1205 3210 poenitentiis
1227 3129 1383 3194 relaxaro.
1751 3130 1844 3206 1222,
1867 3128 1942 3194 Icta.
1966 3130 2018 3193 15.

555 3247 628 3300 Han.
647 3247 702 3300 III
719 3247 785 3317 Rea.
811 3247 866 3301 Vol.
885 3247 948 3313 ΙΙΙ,
965 3252 1035 3317 254,·
1054 3248 1116 3302 Lib.
1141 3248 1189 3312 VI,
1207 3252 1269 3301 442.

532 3426 762 3500 Universis
790 3425 955 3500 Christi
983 3426 1198 3500 fidelibus
1225 3431 1478 3518 presentem
1505 3426 1712 3518 paginam
1738 3425 2022 3517 inspecturis.

535 3574 701 3642 Immensa
728 3576 792 3641 Dei
824 3575 1013 3661 benignitas
1048 3577 1185 3642 virtutes
1219 3577 1377 3662 largiens,
1412 3583 1449 3641 ut
1482 3577 1608 3663 premia
1635 3575 1808 3660 largiatur,
1845 3577 1908 3640 etsi
1944 3576 2104 3640 bonorum

448 3686 634 3745 nostrorum
655 3702 722 3746 non
745 3686 855 3766 egeat,
890 3702 934 3745 ex
955 3681 1067 3745 multis
1090 3688 1200 3745 tamen
1224 3703 1286 3766 que
1309 3680 1402 3744 nobis
1425 3678 1574 3761 donavit,
1605 3679 1727 3763 gaudet
1748 3700 1768 3742 a
1790 3676 1884 3743 nobis
1908 3679 2019 3766 aliqua
2042 3680 2104 3744 sibi

448 3782 551 3864 reddi,
574 3789 611 3847 ut
632 3784 679 3848 sic
694 3783 816 3848 habeat
838 3804 898 3849 nos
914 3784 1145 3849 remunerandi
1161 3785 1332 3849 materiam
1355 3790 1388 3850 et
1410 3806 1469 3870 pro
1492 3785 1598 3869 gratia
1617 3783 1755 3869 gratiam
1776 3783 1976 3848 conferendi.
2023 3782 2104 3847 Cum
2152 3805 2163 3843 s

449 3887 549 3972 igitur
581 3888 779 3953 venerabilis
818 3888 919 3952 frater
958 3895 1071 3953 noster
1106 3885 1300 3974 Olouradus]
1330 3888 1505 3974 episcopus
1535 3886 1697 3971 quondam
1735 3885 2027 3951 Halberstadensis
2064 3887 2103 3952 de

449 3991 582 4056 civitate
606 3990 968 4077 Constantinopolitana
996 3992 1072 4056 olim
1101 3993 1248 4056 attulerit
1270 3992 1389 4056 multas
1414 3998 1597 4056 sanctorum
1625 3991 1778 4076 reliquias
1802 4011 1924 4075 easque
1948 3990 2104 4057 obtulerit

449 4093 723 4159 Halberstadensi
746 4095 898 4175 ecclesie,
922 4095 974 4159 oui
998 4117 1036 4160 eo
1060 4102 1206 4181 tempore
1224 4095 1423 4182 presidebat,
1447 4116 1485 4159 ac
1509 4096 1543 4159 iu
1566 4095 1629 4176 die,
1653 4116 1716 4179 quo
1739 4095 1876 4178 reliquie
1899 4094 1971 4180 ipse
1995 4094 2103 4160 oblate

448 4197 580 4262 fuerunt
604 4196 710 4262 eidem
734 4197 890 4276 ecclesie,
923 4198 1064 4262 celebris
1086 4199 1121 4262 in
1143 4219 1255 4263 earum
1278 4200 1490 4264 veneratione
1515 4199 1740 4284 sollempnitas
1764 4198 1949 4263 celebretur
1971 4197 2104 4278 ibidem,

449 4321 508 4365 nos
531 4298 573 4364 ad
596 4321 636 4365 ea
657 4321 717 4365 ros
738 4298 893 4366 inducere
910 4308 1109 4387 satagentes,
1132 4324 1195 4388 que
1219 4302 1259 4367 ad
1278 4301 1342 4367 Dei
1365 4302 1523 4368 honorem
1547 4308 1580 4367 et
1604 4303 1742 4367 salutem
1763 4308 1906 4366 vestram
1930 4303 2099 4387 cognosci-

369 4465 370 4468 ,
448 4425 520 4469 mus
543 4404 719 4489 pertinere,
744 4404 895 4469 omnibus
918 4427 996 4472 vere
1019 4405 1243 4491 penitentibus
1267 4412 1301 4470 et
1323 4406 1495 4486 confessis,
1518 4406 1573 4491 qui
1596 4405 1637 4470 ad
1659 4405 1833 4470 ecclesiam
1857 4388 1963 4491 ipsam
1986 4405 2102 4470 devote

449 4509 482 4571 in
506 4507 558 4571 die
582 4505 728 4592 predicte
745 4508 997 4594 sollempnitatis
1020 4510 1228 4590 accesserint,
1253 4509 1469 4594 quadraginta
1492 4508 1562 4574 dies
1586 4509 1626 4574 de
1649 4509 1802 4573 iniunctis
1826 4509 1889 4572 sibi
1912 4510 2101 4595 penitentiis

448 4610 703 4676 misericorditer
724 4610 921 4677 relaxamus.
1642 4607 1643 4610 ¹

556 4729 634 4797 Dat.
655 4731 772 4811 Alatri,
795 4730 897 4795 XVII
918 4730 993 4797 Kal.
1017 4731 1103 4812 Iulii,
1126 4731 1333 4818 pontificatus
1355 4735 1459 4799 nostri
1481 4755 1565 4799 anno
1589 4741 1695 4800 sexto.

1072 4980 1482 4987 ..ωψ-

1147 5175 1151 5186 ’
1233 5207 1318 5283 aar.

553 5299 742 5394 Honoras
770 5329 838 5395 rrr
857 5351 943 5412 papa
970 5330 1171 5416 [nassa]
1197 5330 1460 5395 carcassensi·
1486 5335 1515 5394 a
1541 5329 1725 5415 [caroso]
1750 5329 2003 5396 errassemus
2037 5331 2097 5412 aa
2142 5362 2162 5402 a

447 5433 547 5514 scopis
573 5437 601 5496 ct
623 5431 796 5518 H[earieo]
817 5434 889 5499 dact
911 5435 1073 5501 Senoniae
1101 5440 1130 5499 ot
1154 5434 1329 5520 [Hancine]
1353 5435 1456 5500 comiti
1476 5433 1632 5500 Ascuam
1653 5433 1797 5512 amadat,
1824 5437 1860 5498 ut
1881 5431 2096 5511 tarcacona,

550 5693 576 5762 l)
595 5692 744 5748 Hemtcua.
