4448 6420
442 405 504 468 184
1028 398 1075 453 EX
1093 396 1250 453 HONORII
1270 397 1310 451 III
1327 395 1508 452 andurae

443 575 598 640 Iohannis
621 575 662 640 de
685 573 838 638 Lubeeb¹
868 579 902 637 et
927 625 933 638 .
959 621 965 636 .
989 573 1157 660 preposito
1185 571 1225 637 de
1250 571 1378 636 Porez²
1400 571 1596 636 Lubieensis
1625 571 1767 635 diocesis
1797 572 1831 635 in
1859 571 2038 648 mandatis,
2064 575 2099 634 ut

443 679 470 744 si
495 683 681 764 contempto
710 683 866 762 precepto
893 682 1005 740 nostro
1034 675 1180 740 indebite
1210 675 1397 760 gravaveris
1426 697 1561 758 regnum
1593 681 1648 738 aut
1681 676 1833 740 comitem
1864 674 2099 760 sepedictum,

441 782 506 868 ipsi
528 781 678 868 partibus
702 781 888 845 convocatis
918 779 1051 844 audiant
1080 801 1142 864 que
1170 779 1291 842 luerint
1314 777 1390 842 hinc
1413 777 1489 843 inde
1514 780 1698 865 proposita,
1731 785 1764 842 et
1787 779 1873 864 quod
1897 779 1978 842 iuris
2002 779 2098 842 suerit

441 884 664 971 appellatione
687 888 815 947 remota
830 882 1019 963 decernant,
1042 881 1194 947 faciendo
1218 881 1303 966 quod
1326 881 1367 946 de
1387 881 1582 946 auctoritate
1600 888 1712 945 nostra
1733 882 1922 946 firmitatem
1942 881 2097 946 obtineat.

549 1005 625 1069 Dat.
649 1006 801 1070 Lateran.
825 1004 860 1068 II
882 1004 958 1068 Kal.
982 1005 1135 1090 Augusti,
1159 1025 1244 1068 anno
1268 1024 1364 1067 nono.

550 1124 620 1190 Illis
645 1127 803 1212 scriptum
834 1130 897 1206 est,
921 1129 971 1205 ut,
1000 1124 1028 1187 si
1055 1124 1161 1188 dictus
1190 1123 1455 1210 archiepiscopus
1485 1123 1630 1187 indebite
1665 1124 1850 1208 gravaverit
1879 1144 2018 1207 regnum
2045 1127 2098 1186 aut

442 1229 597 1295 comitem
621 1251 699 1318 sepe
723 1229 855 1311 dietum,
878 1229 941 1314 ipsi
965 1226 1113 1315 partibus
1137 1227 1324 1292 convocatis
1348 1233 1411 1290 ote.
1435 1247 1556 1312 usque:
1581 1227 1759 1292 observari.
1805 1226 1924 1292 Testes
1949 1232 2013 1290 eto.

1057 1473 1468 1482 W

1229 1716 1315 1788 b58.

462 1842 464 1844 ¹
552 1827 740 1920 Honoras
763 1854 829 1918 ΙΙΙ
841 1873 932 1934 popa
953 1853 1118 1937 [Albe-rto]
1144 1853 1371 1934 arelriepiscopo
1396 1853 1675 1936 Mapdcbarpensi,
1705 1854 1728 1938 [
1727 1853 1870 1920 Conrado
1892 1852 1952 1937 Π]
1975 1851 2098 1916 Hildes-

443 1958 579 2022 barensi
601 1963 630 2021 ct
652 1957 830 2042 [Eeeardo]
843 1957 1097 2038 Merseburpeasr'
1119 1956 1268 2037 eruscopis
1290 1958 1530 2021 controuersiam
1552 1958 1635 2021 inter
1655 1957 1840 2043 S[opbiaar]
1860 1956 2051 2020 abbatissam
2072 1959 2099 2018 el

442 2061 671 2148 [Berlradam]
687 2061 902 2142 praepositam
927 2061 1243 2144 Quodliabarpeascm
1264 2061 1302 2125 de
1324 2063 1512 2126 mortastere'o
1530 2062 1813 2144 Qeeedlr'abarpeasi
1834 2063 1975 2123 exortam
1998 2059 2098 2122 terari-

442 2165 583 2229 aaadam
605 2164 774 2230 committit.
1740 2165 1833 2242 1224,
1856 2163 1940 2244 Aup.
1964 2164 2016 2228 14.

546 2283 620 2337 non.
639 2286 695 2337 nr
707 2284 771 2352 aeq.
792 2283 852 2338 va.
872 2282 904 2348 v,
922 2287 954 2350 a·
973 2282 1036 2336 aa
1054 2282 1111 2350 rx,
1132 2285 1156 2335 e.

625 2554 633 2571 .
662 2552 671 2570 .
700 2496 1040 2588 archiepiscopo
1067 2495 1455 2590 magdeburgensi,
1483 2550 1490 2565 .
1523 2553 1531 2568 .
1560 2496 1857 2570 Ildesemensi
1885 2501 1929 2568 et

935 2673 943 2688 .
973 2673 981 2689 .
1009 2616 1351 2724 Mersburgensi
1381 2618 1618 2709 episeopis,

550 2767 681 2832 Dilecta
711 2767 744 2830 in
775 2765 906 2830 Christo
937 2765 1005 2829 filia
1035 2765 1067 2828 S.
1101 2765 1270 2830 abbatissa
1299 2763 1639 2851 Quidelenburgensis
1667 2765 1856 2828 monasterii
1887 2765 1979 2849 gravi
2007 2764 2097 2828 nobis

446 2871 680 2954 conquestione
707 2869 913 2947 monstravit,
946 2868 1032 2954 quod
1060 2868 1190 2949 quidam
1221 2870 1354 2933 vassalli
1387 2876 1420 2933 et
1443 2870 1675 2934 ministeriales
1706 2869 1776 2933 eius
1806 2889 1879 2933 curn
1910 2867 2099 2952 quibusdam

446 2975 520 3038 aliis
544 2974 759 3060 eomplicibus
784 2975 851 3037 suis
874 2971 1171 3058 Magdeburgensis
1201 2981 1234 3037 et
1257 2971 1548 3037 Helberstadensis
1572 2972 1738 3037 dioeesum
1765 2992 1874 3034 muros
1903 2992 1969 3035 non
1998 2971 2099 3035 solum

445 3077 563 3162 quibus
586 3077 793 3141 muniebatur
815 3075 1049 3140 monasterium
1072 3076 1188 3160 ipsum,
1217 3083 1267 3140 sot
1291 3082 1323 3140 et
1347 3077 1420 3140 illos
1445 3076 1563 3160 quibus
1587 3077 1764 3140 claustrum
1786 3074 1993 3139 ambiebatur
2015 3075 2098 3138 eius-

446 3180 532 3261 dem,
555 3186 709 3266 pretextu
732 3179 822 3265 pacis
846 3178 950 3242 iurata
974 3177 1144 3242 destruere
1160 3186 1440 3266 presumpserunt,
1463 3181 1544 3243 alias
1569 3181 1598 3243 ei
1617 3179 1758 3264 dampna
1780 3179 1893 3263 gravia
1914 3184 1947 3242 et
1968 3177 2099 3241 iniurias

447 3284 636 3348 inferentes.
685 3282 827 3347 Domum
855 3282 901 3345 sic
925 3281 1128 3368 impietatem
1158 3283 1283 3367 operati
1312 3282 1373 3346 sub
1398 3283 1507 3368 speeie
1536 3282 1669 3367 pietatis
1700 3287 1931 3367 processerunt
1961 3280 2096 3360 adalia,

447 3409 510 3473 que
539 3387 628 3450 nullo
656 3392 794 3472 possunt
822 3386 983 3449 velamine
1017 3386 1155 3470 palliari.
1211 3384 1348 3471 Sumpta
1383 3387 1469 3450 enim
1498 3387 1669 3450 occasione
1703 3407 1746 3450 ex
1779 3406 1833 3463 eo,
1872 3385 1958 3470 quod
1991 3391 2100 3449 contra

448 3489 605 3575 quosdam
634 3489 796 3576 predones
825 3488 933 3551 fuerat
960 3509 1018 3572 pro
1052 3486 1242 3553 defensione
1276 3489 1380 3574 ipsius
1412 3491 1603 3553 monasterii
1639 3489 1772 3553 servitio
1802 3510 1862 3552 usa
1891 3488 2099 3573 quorundam,

448 3613 529 3677 quos
574 3593 615 3657 ab
651 3593 789 3678 imperio
824 3590 978 3655 dicebant
1012 3612 1085 3654 esse
1117 3591 1335 3676 proscriptos,
1374 3613 1446 3655 eam
1487 3592 1619 3656 abbatia
1655 3612 1714 3655 sua
1747 3592 1932 3656 temeritate
1971 3591 2100 3677 propria

448 3697 630 3781 spoliarunt
660 3701 693 3760 et
721 3695 828 3779 pravis
858 3693 1125 3778 suggestionibus
1153 3693 1354 3778 impulerunt
1383 3695 1574 3758 monasterii
1602 3717 1682 3780 sepe
1715 3694 1793 3758 dicti
1822 3703 2034 3774 conventum,
2067 3700 2100 3757 ut

448 3799 595 3864 eiusdem
617 3799 681 3864 loci
697 3847 704 3862 .
722 3798 947 3885 Lprepositam
971 3797 1035 3860 sibi
1059 3797 1220 3881 eligerent
1242 3797 1453 3862 abbatissam.
1499 3798 1625 3862 Eadem
1649 3820 1726 3862 vero
1748 3804 1904 3884 pretextu
1927 3798 2098 3862 electionis
2143 3830 2152 3865 r

447 3902 634 3967 huiusmodi
656 3901 940 3966 amministrationi
964 3906 1088 3964 temere
1115 3921 1150 3964 se
1174 3900 1324 3984 ingessit,
1349 3907 1382 3965 et
1405 3923 1477 3964 eam
1499 3903 1649 3986 nequiter
1672 3903 1829 3967 infamare
1852 3922 1890 3965 ae
1913 3902 1947 3965 in
1971 3923 2101 3965 causam

448 4004 578 4070 trahere
612 4027 722 4070 eorem
751 4004 860 4070 iudice
896 4004 1036 4068 seculari
1071 4006 1281 4089 presumpsit.
1341 4004 1384 4068 nt
1415 4005 1494 4069 lieet
1524 4007 1757 4070 sententiatum
1790 4007 1889 4070 luerit
1915 4003 2101 4070 huiusmodi

448 4109 589 4172 seculari
612 4108 749 4188 iudicio,
784 4129 856 4172 eam
880 4105 1001 4171 debere
1025 4107 1128 4192 primo
1163 4107 1309 4188 restitui,
1343 4129 1440 4192 quarn
1473 4108 1552 4188 hiis,
1588 4131 1651 4193 que
1683 4116 1797 4173 eontra
1829 4130 1902 4172 eam
1935 4109 2102 4194 proposita

448 4209 586 4292 fuerant,
610 4210 835 4298 responderet,
859 4197 1008 4274 obtinere
1024 4217 1135 4272 tamen
1159 4231 1224 4273 non
1247 4211 1353 4295 potuit
1371 4210 1507 4275 eandem
1526 4215 1723 4277 sententiam
1739 4213 1926 4277 executioni
1941 4211 2101 4284 mandam

448 4321 583 4399 propter
611 4314 696 4400 quod
727 4321 760 4378 et
791 4314 867 4398 quia
896 4321 946 4379 est
975 4335 1041 4376 non
1070 4312 1174 4377 solum
1202 4333 1343 4398 persona
1372 4315 1597 4380 ecelesiastica
1619 4323 1670 4381 set
1699 4317 1796 4381 etiam
1824 4315 1896 4380 sedi
1919 4317 2099 4403 apostoliea

448 4415 636 4481 immediate
668 4416 833 4496 subiecta,
868 4422 1013 4479 nostram
1047 4414 1245 4479 audientiam
1282 4417 1468 4502 appellavit.
1513 4419 1727 4484 Postmodum
1760 4439 1838 4484 vero
1872 4441 1945 4484 cum
1977 4419 2102 4505 prelata

450 4520 573 4600 electa,
603 4521 701 4583 immo
732 4519 857 4583 intrusa
886 4519 1008 4599 verius,
1041 4519 1124 4583 sicut
1156 4525 1282 4582 temere
1313 4529 1484 4608 receperat
1512 4521 1693 4603 abbatiam,
1722 4523 1768 4586 ita
1795 4523 1885 4586 illam
1913 4528 2039 4587 temere
2071 4523 2102 4585 in

451 4624 607 4688 secularis
637 4623 753 4688 iudicis
776 4624 927 4687 manibus
956 4624 1171 4707 resignasset,
1206 4645 1241 4688 se
1269 4623 1373 4709 ipsius
1401 4625 1536 4689 iudicis¹²
1561 4627 1665 4711 gratie
1694 4625 1944 4706 committendo,
1973 4626 2036 4689 fuit
2063 4624 2101 4688 ab

449 4725 564 4792 eadem
587 4727 754 4791 abbatissa
777 4727 948 4812 quesitum,
972 4747 1013 4790 cn
1042 4733 1076 4790 et
1099 4727 1170 4812 ipsa
1192 4727 1293 4792 vellet
1317 4727 1463 4793 eiusdem
1487 4729 1603 4793 iudicis
1627 4731 1731 4814 gratie
1755 4730 1958 4795 committere
1982 4735 2101 4794 semet-

448 4831 569 4916 ipsam;
597 4851 660 4913 qua
683 4829 919 4918 respondente,
942 4829 1027 4914 quod
1051 4851 1116 4893 non
1140 4831 1309 4895 innovaret
1332 4832 1470 4918 aliquid,
1500 4832 1603 4898 donee
1626 4841 1730 4915 esset,
1760 4834 1844 4898 sieut
1867 4834 2100 4898 sententiatum

449 4934 566 5014 fuerat,
588 4934 751 5014 restituta,
774 4935 835 4998 fuit
858 4933 888 4998 ei
911 4954 953 4998 ex
976 4933 1078 5018 ipsius
1100 4933 1217 4998 iudicis
1234 4942 1326 5021 parte
1342 4957 1546 5023 responsum,
1571 4937 1656 5022 quod
1679 4937 1766 5002 idem
1789 4937 1954 5002 retinebat
1977 4937 2011 5000 in
2035 4936 2100 5001 suis

452 5037 604 5102 manibus
642 5037 828 5114 abbatiam,
873 5035 1044 5121 eidemque
1082 5036 1248 5102 abbatisse
1291 5038 1332 5102 ad
1375 5040 1639 5126 respondendum
1661 5041 1870 5106 adversariis
1910 5040 1978 5103 suis
2016 5039 2100 5126 apud

449 5140 666 5206 Nurimberoh
690 5142 863 5206 terminum
886 5140 1089 5225 assignabat.
1128 5140 1274 5227 Cumque
1299 5150 1421 5208 statuto
1445 5145 1583 5208 termino
1608 5167 1643 5208 se
1666 5144 1765 5209 iudici
1786 5166 1846 5231 per
1870 5166 1947 5208 suos
1970 5146 2101 5208 nuntios

449 5251 689 5330 presentasset,
723 5266 785 5310 nee
813 5251 927 5310 contra
957 5265 1028 5308 eam
1059 5251 1232 5308 accusator
1260 5247 1378 5330 aliquis
1407 5255 1625 5333 compareret,
1661 5246 1791 5312 demum
1821 5255 1898 5334 post
1929 5247 2099 5312 terminum

554 5533 577 5602 ⁸)
595 5537 674 5590 iudici
693 5536 724 5587 R.

552 5674 578 5742 1)
597 5672 724 5726 Iohanni.
793 5673 822 5742 2)
841 5673 964 5744 Eppoai.
