4596 6406
448 413 510 477 638
1021 407 1068 461 ΕΧ
1087 402 1261 463 GREGORII
1279 403 1317 456 ll(
1336 402 1516 457 Ruclsvrto

448 584 547 649 etiam
570 590 604 650 et
624 585 706 650 alias
721 590 875 649 vacantes
900 583 1058 648 ecclesias
1081 581 1174 667 regni
1197 580 1248 644 sui
1270 598 1475 663 nequaquam
1499 575 1642 641 ordinari
1665 577 1835 663 permittit,
1858 579 1892 644 in
1915 581 2099 646 animarum

447 688 628 772 periculum
651 694 683 753 et
707 709 806 774 grave
830 687 1059 752 detrimentum
1082 686 1237 772 ipsarum,
1261 703 1317 747 eas
1342 687 1375 745 et
1397 680 1554 767 quasdam
1577 680 1659 744 alias
1683 681 1910 748 nichilominus
1927 686 2099 770 spoliando

448 790 516 856 fere
541 791 690 855 omnibus
714 792 808 857 bonis
832 792 913 873 suis,
942 798 975 856 et
1005 791 1113 854 tallias
1145 810 1183 852 ac
1206 787 1395 853 exactiones
1417 784 1579 848 indebitas
1601 784 1754 869 prelatis,
1784 787 1946 872 religiosis
1970 795 2004 854 et
2027 791 2100 855 aliis

448 894 575 958 clericis
592 896 793 960 secularibus
810 895 1018 981 imponendo.
1063 893 1242 958 Nobilibus.
1258 909 1387 976 quoque
1410 887 1619 973 pauperibus,
1640 888 1792 973 orphanis
1815 897 1848 954 et
1870 892 1974 958 viduis
1991 916 2098 981 usqne

448 995 489 1060 ad
517 999 774 1064 exinanitionem
805 1005 986 1064 extremam
1016 997 1182 1077 deductis,
1213 1017 1270 1060 eos
1298 992 1339 1057 cd
1367 991 1531 1056 modicum
1561 991 1641 1055 dura
1669 999 1702 1056 et
1730 993 1870 1058 erudelis
1902 1005 2098 1062 exactorum

449 1104 765 1170 suorumaeerbitas
790 1125 854 1168 non
877 1105 999 1189 patitur
1021 1104 1200 1188 respirare,
1229 1107 1262 1165 et
1291 1099 1337 1162 sic
1364 1104 1467 1161 totum
1496 1096 1565 1162 fere
1589 1117 1740 1181 regnum,
1771 1097 1857 1182 quod
1880 1107 1930 1164 est
1953 1103 2101 1186 speciale

448 1207 677 1290 patrimonium
701 1208 790 1272 beati
806 1208 907 1289 Petri,
930 1229 988 1294 pro
1013 1228 1075 1292 quo
1098 1207 1280 1270 iuramento
1300 1201 1467 1267 fidelitatis
1490 1200 1669 1286 apostolice
1694 1200 1763 1265 sedi
1787 1209 1916 1268 tenetur
1939 1212 1972 1270 et
1995 1207 2101 1292 ipsius

449 1309 545 1395 ligius
567 1311 728 1374 vassallus
760 1313 887 1387 existit,
919 1319 1075 1396 quantum
1099 1312 1131 1374 in
1155 1331 1194 1374 eo
1219 1315 1286 1390 est,
1310 1308 1342 1371 in
1365 1305 1508 1370 favillam
1532 1304 1625 1389 quasi
1649 1310 1681 1370 et
1704 1305 1846 1370 cinerem
1869 1308 1933 1372 iam
1956 1310 2101 1397 redegit;

449 1413 535 1497 quod
558 1414 585 1477 si
606 1421 779 1500 postquam
801 1416 944 1480 monitus
973 1416 1071 1480 luerit
1099 1414 1253 1494 anobis,
1281 1433 1346 1476 non
1368 1409 1498 1474 duxerit
1528 1407 1770 1492 corrigendum,
1805 1431 1865 1475 nos
1901 1434 2000 1499 super
2034 1417 2100 1480 hoc

449 1523 559 1581 actore
586 1516 741 1598 Domino,
774 1519 856 1583 sieut
886 1519 1043 1604 expedire
1074 1518 1273 1597 videbimus,
1312 1513 1537 1601 procedemus.
1592 1510 1731 1598 Insuper
1762 1517 1928 1599 negotium
1962 1519 2101 1604 impedit

449 1619 549 1684 Terra
567 1620 686 1686 Sancte
711 1644 771 1687 neo
795 1644 860 1688 non
885 1625 982 1688 etiam
1005 1623 1132 1708 imperii
1154 1620 1324 1686 Romanis.
1368 1618 1526 1683 Preterec
1550 1637 1622 1680 cum
1646 1623 1793 1702 ternpore
1817 1621 1989 1687 concordie
2012 1624 2101 1688 inter

451 1721 558 1805 ipsum
582 1730 614 1788 et
637 1724 811 1790 ecclesiam
836 1727 1010 1791 reformate
1035 1727 1068 1789 in
1090 1725 1239 1789 manibus
1263 1722 1350 1787 sedis
1374 1721 1554 1807 apostolica
1576 1720 1758 1805 legatorum
1780 1721 1934 1788 iuraverit
1957 1727 2101 1792 ecclesie

450 1823 582 1890 obedire
611 1829 791 1913 preceptis,
827 1831 897 1916 ipse
927 1829 1116 1893 mandatum
1144 1833 1313 1913 receptum
1341 1825 1382 1889 ab
1411 1825 1476 1904 eis,
1505 1823 1591 1909 quod
1613 1831 1733 1888 terram
1756 1825 1895 1892 ecclesie
1918 1829 1971 1894 vel
1993 1836 2101 1895 terras

450 1949 578 2014 eorum,
608 1952 689 2017 quos
712 1940 790 1997 tnnc
813 1934 854 1999 ad
879 1955 954 2000 suas
977 1955 1092 1998 manus
1114 1931 1267 2010 tenebat,
1296 1935 1352 1992 aut
1379 1928 1524 2013 ipsorum
1551 1949 1709 2013 personas
1737 1929 1922 1996 nullatenus
1954 1941 2101 2018 caperet,

450 2043 625 2118 occuparet
654 2058 712 2101 seu
742 2038 840 2102 etiam
869 2038 1070 2118 devastaret,
1106 2035 1284 2120 adimplere
1314 2032 1524 2118 contempsit,
1562 2039 1682 2097 terram
1720 2035 1860 2100 ecclesie
1896 2039 2100 2124 occupando,

449 2135 601 2202 videlicet
615 2139 649 2203 in
664 2139 863 2206 Lombardia
878 2142 1071 2220 Ferrariam,
1088 2141 1292 2219 Bondenum,
1309 2138 1513 2222 Pigonagam
1534 2143 1567 2201 et
1583 2136 1776 2204 Bondenum
1786 2139 1807 2219 ¹,
1830 2147 1950 2204 terram
1968 2141 2103 2226 quidem

450 2239 620 2306 Sardinie²
643 2251 676 2308 et
690 2243 834 2309 Massam
850 2245 1013 2310 Lunensis
1037 2244 1200 2309 diocesis³
1223 2242 1381 2328 capiendo
1405 2247 1438 2306 et
1462 2240 1609 2306 eiciendo
1626 2241 1710 2321 illos,
1732 2261 1813 2326 quos
1836 2242 1877 2308 ad
1891 2266 2007 2310 manus
2023 2267 2102 2310 snas

449 2344 590 2408 ecclesia
620 2350 814 2429 reservavit,
846 2355 880 2414 et
909 2347 1108 2414 devastando
1139 2356 1243 2411 terres
1269 2347 1430 2433 ipsorum,
1463 2344 1540 2408 licet
1568 2365 1611 2409 ex
1637 2351 1714 2409 tunc
1742 2346 1775 2410 iu
1807 2368 1880 2412 eum
1910 2357 2102 2434 presentem

449 2447 511 2532 ipsi
534 2447 634 2533 legati
658 2454 1002 2517 excommunicationis
1027 2452 1223 2517 sententiam
1245 2450 1388 2529 tulerint,
1412 2449 1439 2512 si
1464 2449 1646 2533 superbiis
1669 2471 1735 2514 non
1756 2451 1881 2517 faceret
1896 2453 1983 2538 quod
2006 2477 2102 2519 man-

446 2550 572 2617 darent.
621 2552 714 2620 Idem
747 2559 845 2622 etiam
875 2565 1030 2644 nepotem
1061 2557 1148 2642 regis
1176 2554 1289 2618 Tunisi
1319 2553 1359 2617 ad
1387 2552 1568 2616 Romanam
1596 2553 1771 2618 ecclesiam
1798 2576 1856 2641 pro
1886 2558 2101 2644 percipiendo

447 2655 531 2718 sacri
554 2655 757 2742 baptismatis
780 2661 910 2725 lavacro
935 2661 1146 2726 accedentem
1169 2681 1207 2722 ac
1231 2658 1385 2722 dilectum
1407 2657 1509 2720 filium
1533 2653 1695 2744 P[etrum]
1718 2657 1932 2724 Sarracenum
1955 2662 2103 2728 nobilem

447 2759 552 2823 civem
574 2757 771 2844 Romanum,
802 2786 844 2830 ex
872 2771 965 2850 parte
990 2765 1153 2830 karissimi
1181 2765 1214 2827 in
1245 2762 1374 2826 Christo
1400 2761 1459 2824 filii
1486 2761 1653 2826 nostri..
1684 2761 1817 2826 illustris
1846 2765 1933 2850 regis
1956 2763 2104 2852 Anglie*

449 2861 491 2926 ad
514 2865 728 2947 apostolicam
751 2867 863 2933 sedem
886 2869 1032 2948 missum,
1056 2873 1089 2933 et
1111 2867 1213 2931 filium
1237 2867 1307 2930 eius
1332 2864 1453 2928 carceri
1477 2863 1601 2928 detinet
1622 2865 1822 2949 mancipatos
1833 2867 1855 2930 ⁵.

558 2965 643 3040 Quia
665 2989 742 3033 vero
771 2990 870 3054 super
899 2971 962 3035 hiis
981 2977 1024 3036 et
1051 2970 1297 3056 quampluribus
1330 2968 1401 3032 aliis
1433 2967 1625 3032 excessibus
1651 2968 1773 3052 pluries
1798 2991 1817 3032 a
1840 2970 1933 3035 nobis
1956 2957 2102 3037 monitus

450 3070 661 3134 correctionis
683 3071 845 3137 medelam
868 3095 933 3138 non
957 3074 1111 3152 sentiens,
1137 3095 1209 3138 eum
1232 3094 1364 3138 suarum
1387 3072 1450 3136 sint
1471 3073 1584 3136 ulcera
1606 3071 1755 3137 indurata
1777 3077 1955 3161 culparum,
1979 3078 2102 3144 cotidie
2173 3093 2180 3112 '

450 3172 613 3238 deteriora
635 3178 837 3243 committere
860 3199 925 3243 non
946 3187 1088 3260 veretur,
1111 3189 1194 3242 nosa
1219 3176 1280 3242 hec
1303 3177 1427 3260 absque
1445 3174 1564 3239 Christi
1588 3176 1714 3240 offensa
1735 3179 1895 3263 preterire
1919 3181 1979 3244 sub
2003 3181 2103 3246 dissi-

449 3276 627 3344 mulatione
655 3280 792 3345 ulterius
822 3303 887 3346 non
909 3283 1075 3364 valentes,
1106 3282 1147 3348 de
1181 3282 1315 3360 fratrum
1343 3285 1527 3343 nostrorum
1552 3281 1687 3344 consilio
1722 3303 1764 3345 ex
1794 3289 1887 3368 parte
1910 3284 1974 3350 Dei
1998 3288 2105 3350 onmi-

450 3381 604 3464 potentis,
629 3383 720 3448 cuius
744 3386 850 3450 vicem
872 3387 905 3449 in
928 3386 1023 3451 terris
1047 3387 1190 3472 gerimus
1214 3386 1291 3450 licet
1313 3382 1474 3465 immeriti,
1499 3390 1533 3448 et
1553 3385 1746 3450 auctoritate
1769 3385 1939 3451 beatorum
1955 3388 2047 3454 Petri
2071 3398 2107 3456 et

449 3484 545 3549 Pauli
567 3487 789 3572 apostolorum
811 3490 882 3554 eius
906 3510 944 3552 ac
967 3496 1078 3554 nostra
1101 3491 1135 3553 in
1164 3511 1239 3555 eum
1268 3495 1301 3553 et
1332 3509 1445 3552 omnes
1473 3489 1567 3570 illos,
1599 3489 1654 3574 qui
1683 3490 1717 3554 in
1745 3493 1913 3576 premissis
1942 3494 1995 3558 vel
2018 3495 2104 3560 alias

457 3598 570 3655 contra
581 3591 763 3657 Romanam
779 3595 955 3659 ecclesiam
971 3595 1033 3658 sibi
1048 3594 1248 3679 prestiterint
1265 3592 1446 3671 consilium,
1460 3593 1617 3656 auxilium
1628 3593 1682 3658 vel
1701 3595 1857 3678 favorem,
1876 3600 2104 3664 excommuni-

296 3723 316 3760 1.
330 3715 377 3758 cor.
392 3721 433 3768 aa
460 3694 597 3759 cationis
620 3704 654 3761 et
676 3698 893 3763 anathematis
919 3699 1114 3764 sententiam
1143 3685 1294 3761 duximus
1321 3695 1605 3782 promulgandam,
1635 3697 1802 3764 tradentes
1830 3702 1935 3785 ipsum
1964 3703 2105 3770 sathane

458 3796 492 3860 in
515 3799 680 3864 interitum
704 3803 826 3884 earnis,
849 3808 885 3865 ut
909 3803 1039 3888 spiritus
1063 3803 1133 3867 eius
1156 3803 1189 3866 in
1212 3801 1265 3867 die
1288 3801 1422 3866 Domini
1445 3803 1554 3865 salvus
1578 3803 1643 3883 fiat,
1668 3823 1780 3868 omnes
1804 3805 1858 3888 qui
1882 3807 1912 3870 ei
1934 3806 2104 3874 fidelitatis

449 3901 630 3969 iuramento
660 3912 813 3970 tenentur
841 3905 1048 3971 decernendo
1078 3907 1120 3971 ab
1152 3906 1379 3971 observatione
1415 3906 1588 3970 iuramenti
1622 3907 1807 3972 huiusmodi
1841 3908 2030 3994 absolutos,
2068 3923 2105 3980 et

449 4005 584 4072 firmiter
611 4009 813 4094 prohibendo
844 4031 885 4074 ne
916 4011 977 4074 sibi
1005 4009 1197 4075 fidelitatem
1230 4010 1421 4090 observent,
1452 4008 1555 4072 donec
1587 4010 1687 4074 fuerit
1715 4011 1842 4075 vinculo
1874 4015 2101 4080 exeommuni-

449 4112 586 4176 cationis
609 4113 771 4178 astrictus.
815 4113 869 4179 Ad
891 4114 952 4178 hec
976 4114 1137 4192 civitates,
1161 4121 1278 4194 castra,
1300 4114 1393 4177 villas
1417 4113 1538 4177 atalia
1561 4114 1634 4177 loca
1656 4112 1697 4177 ad
1720 4136 1782 4200 que
1805 4117 1876 4202 ipse
1899 4123 2100 4206 pervenerit,
2174 4147 2181 4164 ¹

450 4215 592 4298 qnandiu
624 4217 669 4281 ihi
698 4218 816 4300 fuerit,
848 4217 1071 4283 ecclesiastico
1101 4217 1280 4282 subicimus
1311 4217 1498 4298 interdicto,
1532 4218 1577 4280 ita
1611 4219 1696 4303 quod
1727 4219 1856 4305 publice
1886 4224 1938 4287 vel
1970 4235 2101 4290 secreto

449 4320 573 4382 nullum
597 4320 642 4384 ibi
659 4319 802 4386 divinum
827 4321 970 4386 officium
989 4321 1182 4401 celebretur,
1206 4320 1408 4406 indulgentia
1425 4321 1478 4385 vel
1497 4321 1668 4408 privilegio
1691 4323 1837 4408 quolibet
1851 4346 1916 4390 non
1936 4327 2101 4412 obstante,

450 4442 639 4506 omnesque,
664 4425 719 4508 qui
742 4425 848 4490 eidem
863 4423 1122 4511 presumpserint
1145 4425 1312 4490 celebrare
1328 4425 1381 4488 vel
1403 4424 1510 4510 potius
1533 4425 1737 4512 prophanare
1758 4427 1878 4510 divina,
1901 4451 1984 4516 pene
2000 4431 2103 4518 depo·

450 4525 576 4588 sitionis
592 4533 751 4613 perpetuo
768 4527 974 4594 decernimus
996 4530 1177 4610 subiacere,
1201 4527 1363 4602 universis
1375 4529 1580 4613 patriarchis,
1604 4530 1858 4619 archiepiscopis
1875 4541 1908 4597 et
1925 4535 2101 4622 episcopis,

449 4628 624 4692 abbatibus
649 4631 748 4695 etiam
772 4640 805 4697 at
827 4633 901 4697 aliis
925 4634 1137 4699 ecclesiarum
1164 4633 1298 4718 prelatis
1328 4631 1505 4698 districtius
1529 4634 1729 4717 inhibentes,
1761 4657 1803 4700 ne
1827 4638 1931 4700 vocati
1954 4637 1996 4702 ad
2020 4661 2096 4703 eum

451 4731 570 4795 vadant
597 4754 657 4798 nec
686 4757 759 4799 cum
788 4736 859 4822 ipso
888 4744 1064 4804 morentur.
1108 4737 1263 4822 Alioquin
1293 4737 1437 4802 debitam
1459 4759 1523 4802 non
1547 4739 1705 4824 effugient
1727 4740 1894 4806 ultionem.
1940 4741 2102 4815 Quocirca

449 4836 696 4901 universitatem
720 4845 862 4903 vestram
886 4845 1055 4906 monemus
1079 4847 1112 4904 et
1134 4839 1302 4906 hortamur
1324 4842 1498 4924 attentius,
1520 4864 1586 4928 per
1602 4844 1783 4929 apostolica
1804 4845 1898 4909 vobis
1923 4847 2044 4932 scripta
2065 4846 2101 4910 in

450 4939 569 5004 virtute
593 4941 779 5007 obedientie
803 4943 938 5008 firmiter
961 4943 1171 5030 precipiendo
1195 4945 1399 5026 mandantes,
1423 4947 1574 5031 quatinus
1597 4947 1722 5011 nullum
1742 4948 1804 5011 sibi
1818 4955 2003 5032 prestantes
2020 4971 2099 5014 con-

450 5043 568 5126 silium,
593 5046 750 5110 auxilium
774 5047 825 5110 vel
848 5046 1011 5129 favorem,
1034 5047 1214 5132 predictam
1237 5051 1581 5116 excommunicationis
1604 5057 1638 5116 et
1660 5051 1879 5116 anathematis
1903 5054 2101 5118 sententiam

450 5148 586 5233 singulis
610 5147 726 5214 diebus
753 5148 923 5214 dominicis
947 5157 981 5216 et
1003 5150 1130 5216 festivis
1154 5153 1291 5239 pulsatis
1316 5156 1480 5241 campanis
1505 5163 1538 5222 et
1562 5155 1709 5222 candelis
1732 5157 1880 5221 accensis
1903 5177 1940 5221 ac
1955 5178 2095 5242 genera·
2150 5181 2179 5221 ss

1860 5315 1993 5322 -.--—-—....

556 5407 578 5476 ¹)
597 5411 671 5463 nobis
688 5412 722 5463 It.

553 5546 578 5615 1)
597 5546 756 5614 Intellipoe:
779 5545 941 5601 Bondenum
959 5551 1047 5616 vetus,
1067 5549 1241 5620 Pigonagam
1263 5553 1292 5604 et
1310 5549 1473 5604 Bondenum
1490 5567 1605 5614 novnm;
1629 5550 1666 5618 cf.
1684 5568 1712 5619 p.
1732 5556 1795 5614 115,
1818 5550 1866 5606 lin.
1884 5557 1928 5605 25.
2007 5553 2035 5620 2)
2056 5554 2099 5622 Os.

447 5648 473 5686 u.
493 5635 555 5685 729.
625 5635 653 5700 3)
672 5635 754 5688 Hanc
772 5649 878 5703 quoquc
895 5639 996 5688 terram
1015 5635 1143 5688 eeclesiae
1159 5637 1248 5705 scrisse
1266 5635 1563 5705 testanturdiplonmta
1575 5654 1621 5706 ap.
1633 5636 1746 5704 Mllnclr,
1761 5637 1854 5705 Kdnip
1869 5637 1970 5704 Erotio,
1987 5657 2015 5709 p.
2035 5647 2099 5696 303.

446 5719 475 5786 4)
496 5719 613 5772 Hernici
631 5722 688 5775 ΙΙΙ.
758 5722 785 5790 b)
806 5722 847 5792 0Ῑὶ
866 5738 893 5777 a.
913 5725 974 5776 730.
