4590 6366
448 407 510 468 540
1027 401 1075 454 EX
1093 400 1268 455 GREGORH
1286 399 1325 452 lx
1344 397 1523 452 REGISTRO

447 597 525 639 num
547 575 711 659 integrum
734 577 782 640 eis
807 574 930 638 indutie
955 572 1186 655 concedantur,
1209 595 1269 638 nec
1292 595 1312 637 a
1334 577 1496 658 potestate
1512 571 1565 634 vel
1585 589 1790 655 quocumque
1814 569 1879 632 alio
1905 567 1999 631 infra
2023 565 2112 630 idem

447 683 577 764 tempus
601 677 642 743 ad
666 679 866 744 solutionem
889 678 1029 743 alicuius
1053 677 1157 743 debiti
1181 679 1255 763 cogi
1276 678 1415 763 possint.

554 781 607 846 Ad
630 782 692 846 hoc
718 783 995 868 conspirationes,
1019 781 1273 862 coniurationes,
1297 781 1482 860 societates,
1507 777 1792 843 confederationes
1816 783 1850 841 et
1872 775 2111 860 colligationes

446 884 550 949 factas
573 887 627 949 vel
650 885 747 950 initas
771 886 857 950 inter
878 907 948 965 vor,
972 885 1144 970 generales
1169 907 1229 949 seu
1252 883 1425 970 speciales,
1448 903 1655 968 quocumque
1679 879 1775 944 modo
1800 880 1869 945 sive
1893 879 2017 944 fraude
2043 879 2110 943 sint

446 987 527 1052 inite
550 989 604 1052 vel
627 995 811 1067 contracte,
842 989 950 1052 irritas
979 989 1186 1054 decernimus
1216 996 1250 1052 et
1272 988 1403 1068 inanes,
1433 1009 1495 1051 ncc
1518 986 1627 1071 alique
1651 985 1731 1048 fiant
1753 983 1794 1048 de
1818 989 1930 1048 cetero
1955 983 2013 1047 vel
2038 1004 2109 1047 ser-

447 1097 566 1155 ventur
582 1092 705 1177 absque
720 1092 873 1156 mandato
889 1093 1069 1178 apostolico
1086 1091 1221 1178 speciali
1236 1091 1290 1156 vel
1309 1092 1447 1157 rectoris
1469 1090 1502 1153 in
1518 1089 1649 1154 Ducatu
1665 1108 1723 1174 pro
1739 1093 1887 1173 tempore
1909 1087 2111 1160 existentis;

448 1201 562 1259 contra
584 1195 721 1276 iaciens,
746 1196 890 1260 similes
914 1195 1022 1274 fuerit,
1046 1200 1188 1276 centum,
1212 1195 1239 1258 si
1262 1194 1302 1258 de
1326 1194 1458 1280 populo,
1482 1192 1716 1278 quinquaginta
1731 1191 1884 1256 librarum
1900 1189 2112 1255 Lucensium

446 1318 534 1383 pena
555 1298 721 1365 multetur.
767 1296 863 1372 Quod
886 1298 915 1362 si
939 1298 1093 1362 solvendo
1116 1318 1182 1362 non
1205 1297 1318 1378 luerit,
1351 1297 1432 1361 alias
1456 1297 1548 1360 iuxta
1570 1295 1791 1360 conditionem
1814 1295 2109 1379 quantitatemque

446 1421 587 1485 persone
610 1401 676 1465 alia
697 1401 785 1465 insta
807 1420 893 1487 pena
915 1401 1088 1486 plectatur.

556 1502 745 1585 Ceterum*,
770 1505 846 1588 quia
868 1525 927 1568 vos
950 1505 1034 1569 filios
1056 1510 1246 1590 reputamus
1264 1504 1405 1569 ecclesie
1424 1504 1598 1589 speciales,
1621 1503 1762 1590 prompti
1783 1501 1929 1566 libenter
1943 1500 2112 1566 habemur
2162 1531 2185 1570 ιο

447 1604 488 1670 ad
512 1607 666 1690 gratiam,
689 1629 787 1694 qnam
809 1609 904 1672 vobis
927 1608 996 1673 fore
1020 1602 1254 1694 perpendimus
1278 1615 1482 1695 oportunam.
1525 1607 1656 1672 Vestris
1680 1607 1779 1691 igitur
1802 1605 2109 1691 supplicationibus

447 1709 604 1790 inclinati,
639 1717 676 1775 ut
711 1713 745 1775 in
780 1712 912 1776 civitate
946 1717 1056 1776 vestra
1090 1718 1289 1797 potestatem
1325 1719 1358 1776 et
1391 1713 1473 1775 alios
1507 1711 1665 1775 officiales
1700 1711 1783 1774 sicut
1808 1716 1918 1774 cetere
1951 1709 2109 1773 civitates

434 1809 584 1876 'ducatus
602 1813 773 1899 Spoletani
795 1815 899 1880 libere
923 1836 1034 1880 creare
1057 1816 1204 1901 possitis,
1227 1837 1293 1880 non
1316 1816 1467 1880 obstante
1492 1814 1697 1878 ordinatione
1720 1814 1881 1877 contraria
1903 1834 1965 1899 per
1990 1810 2110 1875 sedem

394 1919 397 1934 '
446 1918 660 2001 apostolicam
684 1919 884 1997 confirmata,
909 1919 1001 1984 vobis
1025 1921 1220 1985 auctoritate
1244 1921 1448 2007 presentium
1471 1918 1681 1983 concedimus
1705 1918 1904 1982 facultatem.

553 2019 734 2086 Volumus¹¹
755 2030 907 2108 preterea
930 2029 964 2087 et
988 2023 1047 2087 sub
1072 2022 1182 2088 debito
1205 2025 1335 2110 prestiti
1361 2025 1534 2088 iuramenti
1557 2022 1704 2087 districte
1726 2020 1939 2107 precipiendo
1963 2021 2108 2085 manda-

446 2143 535 2202 mus,
566 2131 728 2207 quatenus
752 2131 865 2189 contra
888 2125 974 2205 iura,
997 2125 1204 2211 dignitatem,
1237 2127 1394 2191 honorem
1418 2133 1451 2192 et
1473 2127 1661 2190 libertatem
1683 2125 1831 2189 Romane
1856 2125 2001 2189 ecclesie
2026 2146 2109 2189 nec-

445 2247 511 2290 non
529 2227 737 2313 episcopatus
753 2227 943 2308 Asisinatis,
968 2230 1178 2294 ecclesiarum
1196 2237 1229 2294 et
1245 2231 1436 2295 clericorum
1453 2229 1593 2294 civitatis
1610 2228 1756 2294 eiusdem
1779 2235 1813 2292 et
1836 2228 1936 2290 etiam
1959 2229 2110 2304 illorum,

447 2329 501 2414 qui
517 2327 558 2392 de
576 2330 707 2395 civitate
723 2331 796 2416 ipsa
814 2331 856 2394 ob
872 2332 1065 2417 premissam
1078 2332 1273 2398 discordiam
1291 2334 1462 2411 exiverint,
1478 2333 1604 2396 nullum
1619 2331 1677 2394 fiat
1692 2330 1731 2394 de
1748 2338 1858 2395 cetero
1877 2331 2111 2412 constitutum,

447 2439 480 2496 et
503 2433 531 2496 si
556 2439 669 2496 contra
691 2442 918 2520 presumptum
941 2435 1050 2516 fuerit,
1074 2437 1205 2500 omniuo
1228 2457 1293 2501 non
1317 2439 1435 2516 valcat,
1459 2435 1518 2500 sed
1542 2457 1672 2499 cassum
1696 2440 1730 2498 et
1752 2434 1877 2497 irritum
1900 2434 2079 2499 habeatur.

555 2535 674 2600 Nullus
699 2558 827 2622 quoquc
851 2560 911 2603 suc
934 2539 987 2604 vel
1011 2541 1252 2605 communitatis
1275 2541 1406 2605 nomine
1430 2562 1465 2604 sc
1489 2537 1529 2604 de
1546 2539 1659 2603 Monte
1677 2537 1817 2602 Subasio
1841 2537 2027 2602 excolendo
2053 2541 2110 2604 vel

446 2639 529 2702 alias
553 2637 593 2703 de
618 2646 728 2704 cetero
751 2641 959 2725 aliquatenus
983 2642 1192 2721 intromittat,
1225 2642 1284 2707 sed
1306 2643 1473 2729 permittat
1495 2641 1676 2706 Romanam
1700 2641 1874 2706 ecclesiam
1897 2648 2111 2706 atrociores

362 2783 363 2786 =
448 2741 607 2822 Dueatus,
631 2743 686 2828 qui
708 2764 767 2829 pro
790 2749 938 2828 tempore
955 2743 1087 2825 luerint,
1111 2743 1251 2809 eundem
1266 2751 1411 2809 montem
1432 2745 1537 2809 libere
1552 2743 1733 2830 possidere,
1757 2744 1846 2807 salvo
1871 2743 2011 2808 cuilibet
2035 2745 2110 2811 iure

446 2865 505 2908 suo
536 2844 623 2928 quod
648 2845 684 2909 in
719 2845 792 2931 ipso
823 2852 933 2910 monte
964 2847 1146 2913 ostenderit
1174 2870 1209 2913 se
1239 2849 1371 2913 habere.
1421 2847 1495 2912 Hoc
1523 2847 1609 2912 idem
1637 2846 1678 2910 dc
1705 2845 1938 2926 normandiisb,
1973 2850 2109 2928 castris,

446 2947 534 3011 villis
558 2955 592 3012 et
614 2948 882 3034 possessionibus
907 2951 1147 3015 communitatis
1172 2952 1313 3016 civitatis
1337 2952 1456 3037 ipsius,
1480 2971 1543 3035 que
1568 2951 1645 3014 olim
1669 2951 1758 3014 curie
1782 2950 1885 3014 fuisse
1909 2957 2110 3032 noscuntur,

446 3049 652 3115 decernimus
677 3050 925 3116 observandum.

552 3153 626 3218 Hec
650 3155 758 3219 omnia
788 3162 821 3219 et
855 3156 983 3240 singula
1005 3157 1204 3242 precipimus
1228 3155 1269 3220 ab
1293 3155 1443 3220 omnibus
1474 3155 1708 3221 inviolabiliter
1735 3155 1917 3237 observari,
1946 3157 2109 3222 mandato

447 3254 534 3322 sedis
558 3258 739 3343 apostolice
762 3260 796 3322 in
819 3259 969 3324 omnibus
993 3281 1124 3346 semper
1147 3261 1248 3324 salvo.

552 3377 629 3442 Dat.
653 3379 794 3462 Perusii,
818 3379 945 3446 decimo
970 3380 1110 3466 septimo
1133 3378 1208 3446 Kal.
1232 3380 1336 3462 Iulii0,
1359 3402 1445 3445 anno
1468 3380 1528 3444 IX.

685 3605 710 3671 *l
732 3603 836 3670 Verbo,
859 3621 930 3673 qnae
947 3603 1028 3672 infra
1045 3603 1145 3657 damus
1163 3609 1188 3658 el
1206 3620 1277 3672 quae
1294 3620 1340 3672 ap.
1362 3603 1391 3658 T.
1409 3619 1465 3656 non
1484 3605 1590 3668 cctam,
1608 3618 1626 3655 a
1644 3604 1752 3656 Perteio
1770 3603 1801 3656 in
1817 3604 1947 3658 selredulo
1965 3613 2108 3676 separata

601 3689 706 3759 scripto
725 3695 799 3758 sant,
815 3689 847 3743 in
864 3689 944 3744 caina
961 3690 1085 3758 marpine
1102 3688 1244 3759 superiore
1262 3690 1309 3754 IX,
1327 3690 1387 3745 112.
1406 3690 1487 3758 Greg.
1502 3688 1542 3742 IX
1560 3687 1744 3752 continuatio,
1761 3687 1792 3742 in
1809 3690 1886 3743 laeva
1904 3690 1997 3745 Vacat
2017 3710 2106 3748 onno-

597 3777 684 3829 tatam
705 3782 752 3830 cst.
788 3776 914 3846 Apparet
937 3792 995 3830 eom
1019 3776 1248 3830 continuationem
1266 3792 1322 3830 non
1339 3793 1411 3843 esse,
1429 3791 1515 3845 neque
1531 3779 1596 3845 post
1614 3774 1789 3830 concedimus
1807 3776 1981 3844 facultatem,
2001 3772 2108 3849 palbras

597 3860 688 3915 uerbis
713 3862 904 3930 apographum
921 3861 1028 3915 Per-trit
1048 3863 1223 3929 terminatur,
1249 3861 1278 3915 in
1297 3862 1368 3933 Rep.
1386 3862 1454 3932 lepi,
1481 3861 1530 3915 sed
1549 3862 1669 3932 primmn
1690 3862 1810 3930 semrom
1832 3865 2043 3921 constitutionis
2070 3867 2107 3920 cle

598 3945 727 4000 electione
740 3945 891 4016 potestatis
908 3952 934 4001 et
951 3947 1115 4015 officialium
1133 3949 1281 4014 continere,
1298 3965 1380 4017 quarn
1395 3949 1514 4016 sormam
1527 3965 1608 4018 pape
1620 3953 1730 4017 postea,
1746 3948 1952 4006 Assisinatitns
1970 3953 2106 4007 maiorem

597 4032 747 4087 libertatern
770 4032 931 4100 concedens,
956 4033 998 4088 ito
1020 4035 1147 4102 sumant,
1173 4038 1315 4104 utsupra
1338 4034 1452 4103 lapitas:
1483 4033 1835 4089 Ceterum—tacultatem.
1876 4035 1955 4090 Hace
1977 4038 2105 4093 seeundo

596 4117 690 4185 [orma
707 4120 738 4171 at
755 4117 938 4180 eredimusin
955 4121 1091 4189 merpine,
1117 4137 1196 4191 quem
1214 4120 1354 4190 Perteins,
1379 4121 1482 4175 Arellio
1502 4120 1535 4190 V,
1551 4138 1579 4189 p.
1601 4123 1662 4186 344,
1679 4137 1732 4190 per
1744 4127 1844 4191 partes
1862 4122 2026 4178 latissimum
2043 4141 2104 4180 csse

597 4203 689 4272 refert,
709 4203 855 4273 adscripta
871 4211 920 4259 est.

685 4287 820 4356 Ceterum,
840 4290 907 4358 quia
920 4307 969 4345 vos
984 4291 1056 4346 fflios
1071 4295 1233 4362 reputamus
1252 4291 1366 4347 ecclesie
1384 4291 1526 4362 speciales,
1545 4291 1684 4362 promptid
1702 4293 1786 4349 vestri
1799 4294 1932 4350 videmini
1950 4298 2104 4367 sumpsisse

597 4374 761 4440 lomentum,
780 4377 819 4431 sic
831 4377 866 4430 de
878 4377 941 4447 ipsa
952 4377 1081 4432 duximus
1093 4379 1123 4431 in
1135 4382 1277 4448 posterum
1290 4378 1501 4448 disponendum,
1519 4378 1651 4434 videlicet
1663 4382 1696 4433 ut
1708 4383 1840 4450 tempore,
1859 4398 1914 4449 quo
1929 4385 2103 4451 potestatem

599 4464 628 4514 et
650 4461 708 4514 ulia
731 4462 821 4517 officia
844 4463 1025 4518 consuevistis
1047 4465 1126 4519 vobis
1147 4465 1263 4535 eligere,
1291 4465 1463 4520 conveniatis
1485 4483 1561 4520 more
1584 4466 1666 4522 solito
1689 4469 1718 4520 et
1739 4467 1871 4522 electores
1893 4469 1971 4523 vobis
1994 4469 2102 4541 eligere

597 4547 746 4612 studeatis,
773 4549 822 4619 qui
844 4549 903 4603 sine
929 4550 1005 4604 omni
1023 4550 1087 4605 dolo
1106 4553 1135 4606 et
1160 4551 1258 4605 nands
1280 4551 1351 4605 tales
1369 4551 1448 4606 vobis
1471 4551 1501 4604 in
1519 4554 1688 4621 potestatem
1705 4554 1749 4607 vel
1771 4557 1890 4608 rectores
1911 4558 1941 4609 et
1963 4558 2103 4626 premissa

599 4633 690 4688 officia
708 4634 824 4704 eligant,
842 4636 891 4704 qui
910 4636 967 4690 sint
985 4637 1116 4692 catholici
1134 4641 1163 4692 et
1181 4639 1296 4693 ecclesie
1308 4639 1433 4693 Romane
1449 4639 1551 4704 fideles,
1570 4655 1639 4708 quos
1658 4656 1834 4708 nequaquam
1848 4641 2002 4710 publicent,
2020 4647 2103 4698 ante-

598 4736 683 4787 quam
701 4720 823 4790 ipsorum
842 4722 951 4786 electio,
974 4723 998 4776 si
1015 4723 1100 4777 fuerit
1118 4723 1147 4777 in
1166 4725 1273 4779 Ducatu
1290 4725 1339 4779 vel
1353 4724 1426 4778 circa
1443 4727 1537 4794 partes
1556 4724 1669 4792 vicinas,
1688 4743 1794 4780 summo
1812 4726 1939 4796 pontifici
1957 4735 2103 4798 presente-

597 4807 651 4869 tur,
673 4805 799 4875 alioquin
818 4808 916 4863 rectori
937 4809 1060 4863 Ducatus
1080 4810 1210 4875 eiusdem,
1229 4827 1279 4880 pro
1298 4811 1506 4864 continuatione
1524 4811 1683 4865 huiusmodi
1701 4811 1866 4878 obtinends;
1885 4817 1914 4868 et
1931 4832 1965 4869 ea
1982 4815 2104 4872 obtenta

597 4891 781 4959 pronuntient
803 4893 967 4949 electionem
989 4896 1166 4965 postmodum
1188 4897 1338 4951 secundum
1362 4897 1590 4953 consuetudinem
1614 4898 1747 4954 civitatis.
1782 4899 1812 4954 Si
1829 4917 1894 4955 vero
1916 4901 1947 4954 in
1969 4901 2103 4959 facienda

597 4976 732 5032 electione
751 4979 898 5034 convenire
916 4981 1095 5051 nequiverint
1113 4983 1253 5047 electores,
1271 4983 1406 5038 accedant
1423 4983 1460 5037 ad
1472 4984 1629 5038 Romanum
1646 4985 1814 5053 pontificem,
1833 4987 1857 5040 si
1875 4986 1984 5042 vicinus
2002 4990 2100 5064 fuerit,

597 5061 642 5116 vel
659 5062 696 5118 ad
713 5067 847 5119 rectorem
860 5067 987 5132 eundem,
1006 5070 1090 5137 prout
1102 5069 1228 5139 superius
1241 5073 1283 5123 est
1295 5086 1461 5139 expressum,
1480 5069 1618 5139 recepturi
1630 5069 1666 5124 ab
1679 5087 1774 5125 eorum
1786 5073 1873 5127 altero
1886 5073 1916 5127 iu
1928 5077 2103 5144 potestatem

597 5151 627 5202 et
644 5149 774 5206 officiales
792 5151 871 5217 alios,
890 5169 958 5220 quos
978 5153 1017 5207 eis
1034 5154 1146 5208 duxerit
1164 5155 1361 5210 concedendos.
1398 5155 1478 5221 Quod
1496 5155 1519 5209 si
1538 5159 1635 5210 contra
1652 5157 1814 5226 premissam
1832 5159 1948 5214 sormam
1966 5162 2104 5220 fueritin

597 5235 732 5291 electione
764 5255 935 5308 processum,
971 5239 1122 5294 consiliarii
1149 5241 1232 5296 Asisii
1263 5241 1557 5296 excommunicationis
1593 5245 1622 5296 et
1648 5243 1832 5298 communitas
1859 5245 1936 5300 mille
1963 5247 2103 5305 librarum

597 5319 762 5376 Lucensium
787 5341 819 5379 ac
842 5326 994 5380 electorum
1015 5327 1136 5396 quilibet
1159 5332 1271 5383 centum
1295 5329 1490 5383 solvendarum
1514 5331 1608 5383 nostre
1631 5347 1738 5384 camere
1761 5331 1841 5401 penis
1864 5332 2044 5402 subiaceant,
2072 5343 2103 5394 et

597 5407 692 5474 electi,
716 5409 740 5463 si
757 5410 810 5465 hoc
827 5413 1047 5483 acceptaverint,
1071 5415 1239 5470 sententiam
1258 5415 1553 5470 excommunicationis
1574 5415 1731 5488 incurrant,
1747 5417 1830 5486 ,quod
1852 5417 1969 5474 iecerint
1989 5424 2102 5481 nullam
2158 5439 2184 5477 so

594 5493 756 5549 firmitatem
774 5497 886 5567 penitus
904 5499 1043 5554 habituro.

547 5598 570 5666 ¹)
589 5601 840 5658 Volumus—salvo
858 5623 890 5657 ec
912 5604 940 5658 T.
1031 5607 1053 5675 ¹³)
1071 5609 1108 5659 ita
1131 5609 1158 5660 Τ.
1247 5611 1268 5676 ⁰)
1285 5611 1323 5661 ita
1345 5611 1387 5674 T.,·
1404 5629 1493 5678 apogr.
1513 5620 1641 5663 nostrrun:
1658 5612 1740 5677 lunii,
1758 5611 1827 5678 quad
1845 5629 1901 5663 rnna
1922 5615 2017 5670 orcline
2037 5619 2102 5690 ch

362 5742 376 5752 h
437 5685 523 5736 minus
541 5686 602 5738 beru
620 5690 737 5740 emednil.
820 5689 842 5756 ²¹)
861 5693 931 5745 loeus
948 5703 976 5744 ut
994 5696 1094 5747 videtur
1113 5705 1255 5764 coemptis.
