4590 6366
461 379 523 445 552
1038 379 1086 433 EX
1105 378 1280 435 duacena
1298 380 1336 433 IX
1354 375 1534 434 REGISTRO

461 575 537 618 nem
568 553 821 639 prevaricationi
850 553 1000 618 addendo
1028 575 1132 640 nuper
1161 553 1201 617 ad
1229 561 1372 618 castrum
1400 553 1524 618 Montis
1551 552 1756 632 Flasconisl,
1791 551 1879 636 quod
1909 559 1964 616 est
1994 571 2126 618 camera

462 656 551 722 aedis
575 657 757 744 apostolice
781 657 946 742 specialis,
969 657 1133 721 hostiliter
1155 657 1366 737 accedentes,
1389 657 1618 743 possessiones
1642 656 1744 740 ipsius
1768 657 1801 718 in
1825 655 1987 720 vastitate
2013 656 2126 720 hostili

459 761 707 848 presumptione
736 760 935 847 dampnabili
964 759 1170 827 devastastis.
1218 760 1300 825 Cum
1330 761 1429 845 igitur
1457 781 1522 824 non
1552 761 1622 824 sine
1646 759 1758 823 dolore
1790 767 1930 844 paterno
1952 761 2123 846 possimus

461 864 573 929 audire
596 865 736 928 filiorum
760 885 899 944 errores,
922 885 963 930 ne
987 885 1057 944 vos,
1080 870 1246 948 tamquam
1269 885 1334 928 non
1358 871 1510 928 curantes
1534 864 1575 928 de
1599 864 1708 942 vobis,
1732 865 1834 928 errori
1857 865 1997 950 proprio
2023 864 2123 928 relin-

462 990 616 1053 quamus,
646 968 855 1034 attendentes
879 967 965 1052 quod
988 968 1102 1031 vitium
1127 967 1238 1052 sepius
1262 966 1344 1030 falso
1368 967 1496 1030 virtutis
1519 967 1619 1053 pallio
1643 967 1811 1048 fibulatur,
1834 989 1873 1030 ac
1898 974 2058 1032 verentes
2081 989 2123 1032 ne
2183 982 2194 1018 ⁵

462 1073 492 1136 si
513 1072 590 1137 huic
615 1072 728 1136 morbo
752 1073 853 1136 celeri
874 1070 1020 1136 remedio
1044 1093 1110 1135 non
1133 1072 1232 1135 luerit
1255 1072 1432 1146 obviatum,
1456 1070 1497 1134 ad
1520 1072 1603 1134 alios
1627 1070 1667 1134 de
1691 1071 1888 1156 patrimonio
1913 1072 1947 1134 in
1974 1079 2125 1135 vestrum

463 1182 496 1239 et
529 1176 675 1261 ipsorum
709 1175 939 1239 exterminium
975 1173 1187 1253 extendatur,
1221 1174 1428 1238 universitati
1457 1179 1566 1237 vestre
1600 1194 1660 1258 per
1693 1174 1874 1257 apostoliea
1905 1175 2034 1260 scripta
2064 1175 2124 1238 sub

463 1277 575 1342 debito
599 1277 765 1342 fidelitatis
790 1284 822 1341 et
852 1297 939 1362 pena
962 1276 1098 1340 duorum
1122 1277 1246 1340 milium
1270 1297 1451 1340 marcarum
1474 1297 1535 1340 nec
1559 1297 1623 1339 non
1649 1281 1682 1338 et
1705 1275 1842 1340 obtentu
1869 1283 1986 1340 nostre
2016 1277 2124 1361 gratie

465 1380 612 1446 districte
628 1380 839 1467 precipiendo
856 1380 1056 1461 mandamus,
1083 1381 1236 1464 quatinus
1259 1402 1373 1445 omnes
1391 1381 1627 1464 colligationes
1642 1387 1675 1444 et
1691 1379 1981 1444 confederationes
2007 1381 2124 1444 huius-

463 1485 565 1564 modi,
598 1505 677 1569 quas
709 1504 900 1548 revocamus
923 1484 1054 1569 penitus
1086 1490 1119 1548 et
1147 1483 1353 1548 decernimus
1382 1505 1448 1547 non
1472 1483 1666 1559 servandas,
1695 1483 1849 1547 relaxatis
1880 1484 2123 1547 nichilominus
2175 1505 2197 1541 n

463 1587 654 1652 iuramentis
678 1609 741 1672 que
764 1608 823 1673 pro
854 1587 981 1650 illarum
1005 1585 1235 1651 observatione
1258 1593 1382 1650 temere
1406 1586 1612 1671 prestitistis,
1647 1586 1687 1650 de
1712 1593 1822 1651 cetero
1846 1588 2040 1651 nullatenus
2065 1587 2124 1650 ob-

467 1691 621 1768 servetis,
655 1712 693 1755 aa
726 1690 766 1754 de
798 1690 946 1775 dampnis
982 1691 1081 1754 illatis
1117 1689 1269 1753 fidelibus
1302 1691 1423 1753 nostris
1455 1690 1495 1753 de
1519 1689 1631 1753 Monte
1654 1690 1824 1754 Flasoonis
1855 1690 2125 1754 satisfactionem

464 1793 607 1857 debitam
636 1792 842 1879 impendatis.
901 1792 1057 1876 Alioquin
1085 1792 1205 1856 dilecto
1236 1791 1303 1856 filio
1334 1792 1483 1857 Rolando
1513 1793 1713 1856 subdiacono
1743 1800 1776 1858 et
1805 1793 1979 1879 capellano
2009 1801 2125 1857 nostro

466 1896 581 1960 damus
616 1897 649 1961 in
677 1898 798 1962 virtute
833 1897 1020 1962 obedientie
1051 1896 1172 1960 nostris
1207 1895 1325 1960 litteris
1359 1896 1392 1959 in
1425 1895 1675 1987 mandatis,ut
1708 1919 1765 1960 vos
1795 1895 1836 1959 ad
1864 1896 1927 1960 hec
1959 1902 2030 1959 tam
2066 1918 2128 1981 per

465 2001 672 2066 exactionem
698 2022 783 2086 pene
812 2000 958 2085 predicte
983 2021 1080 2085 quam
1106 2000 1187 2063 alias
1218 1999 1379 2084 spirituali
1409 2008 1442 2065 et
1469 2001 1641 2086 temporali
1665 1999 1868 2066 districtione
1893 2000 2124 2085 appellatione
2176 2020 2197 2056 ιε

463 2109 591 2169 remota
613 2103 817 2190 compellat².

570 2223 646 2288 Dat.
669 2224 807 2306 Perusii‚
831 2224 881 2288 VI
903 2223 981 2289 Idus
1003 2224 1157 2309 Augusti,
1180 2244 1264 2287 anno
1288 2224 1348 2291 IX.

1083 2467 1494 2474 Ἣ

1246 2708 1332 2781 654.

573 2819 763 2931 Greyorina
789 2847 846 2913 IX
863 2869 953 2929 papa
978 2848 1124 2913 Rotunda
1152 2848 1339 2913 subdiacono
1361 2853 1389 2912 et
1411 2849 1572 2928 capellano
1594 2869 1650 2912 sno
1672 2849 1816 2925 nrandot,
1845 2853 1881 2911 nt
1907 2849 2131 2930 colliqntr'oncs

464 2955 573 3016 contra
605 2951 749 3014 bonorem
775 2951 917 3016 ecclesiae
947 2952 983 3015 r‘n
1014 2952 1128 3016 Tuscia
1152 2957 1372 3032 moesamptas
1399 2971 1463 3015 non
1493 2951 1666 3016 servandas
1691 2952 1861 3016 densantiet.
1910 2950 1962 3034 Of.
1995 2972 2030 3017 n.
2062 2953 2132 3015 652

464 3059 494 3120 et
516 3055 588 3121 653.
1682 3129 1683 3132 Ἴ
1751 3055 1844 3131 1235,
1868 3054 1953 3136 Aap.
1978 3058 2034 3120 11.
2088 3151 2092 3158 Ι
2181 3089 2205 3126 a

569 3171 650 3242 aeq.
669 3173 720 3227 rx
735 3173 804 3243 neq.
828 3173 883 3227 vn.
905 3173 937 3241 v,
957 3177 1008 3241 oo;
1025 3174 1088 3229 nn.
1107 3174 1164 3241 rx,
1182 3176 1243 3228 179.

739 3329 742 3337 .
779 3369 980 3444 Rolando
1008 3368 1284 3442 subdiacono
1313 3376 1355 3443 et
1381 3371 1612 3462 capellano
1640 3323 1815 3444 nostre.¹

574 3517 656 3583 Oum
674 3519 757 3584 sicut
773 3521 959 3607 accepimus
977 3519 1205 3602 colligationes
1222 3518 1360 3602 quedam
1376 3521 1554 3606 impietatis
1579 3527 1611 3584 et
1635 3520 1810 3584 societates
1828 3525 1942 3582 contra
1958 3517 2127 3582 honorem

465 3623 605 3687 ecclesie
620 3621 767 3687 Romane
785 3622 845 3690 snb
862 3623 1047 3686 velamento
1064 3621 1328 3685 aemunitatis‘in
1352 3623 1547 3707 patrimonio
1570 3623 1661 3686 beati
1683 3622 1776 3686 Petri
1798 3622 1831 3685 in
1846 3621 1968 3686 Tuscia
1993 3631 2126 3688 temere

464 3725 530 3790 sint
551 3732 760 3811 presumpte,
789 3725 987 3810 adquorum
1011 3724 1277 3790 observationem
1299 3747 1334 3791 se
1358 3728 1506 3791 nonnulli
1533 3727 1706 3790 iuramenti
1729 3726 1857 3790 vinculo
1880 3727 2125 3807 astrinxerunt,
2180 3769 2205 3806 ι),

464 3849 540 3907 nos,
571 3828 780 3894 attendentes
804 3829 891 3914 quod
918 3829 1032 3892 vitium
1060 3829 1170 3915 sepius
1198 3829 1282 3892 falso
1306 3830 1435 3894 virtutis
1458 3831 1558 3915 pallio
1586 3830 1755 3907 fibulatur,
1785 3850 1823 3892 ao
1846 3835 2001 3893 verentes
2026 3851 2069 3894 ne
2096 3833 2126 3895 si

464 3930 540 3995 huic
568 3931 682 3996 morbo
714 3932 815 3996 celeri
842 3931 987 3996 remedio
1015 3953 1080 3996 non
1109 3932 1209 3996 fuerit
1238 3932 1420 4012 obviatum,
1451 3932 1493 3996 ad
1515 3933 1598 3996 alios
1622 3931 1663 3996 de
1686 3932 1882 4017 patrimonio
1906 3931 2125 4013 extendatur,

464 4034 630 4099 devotioni
653 4041 708 4098 tue
732 4055 792 4120 per
814 4035 994 4120 apostoliea
1016 4036 1138 4121 scripta
1161 4037 1194 4098 in
1218 4037 1336 4100 virtute
1361 4035 1550 4101 obedientie
1573 4036 1720 4099 districte
1744 4032 1956 4120 precipiendo
1980 4035 2125 4099 manda-

463 4158 547 4216 mus,
570 4138 733 4223 quatinus,
758 4138 842 4202 sicut
859 4138 1037 4223 apostolice
1062 4137 1149 4202 sedis
1174 4145 1207 4202 et
1229 4146 1373 4203 nostram
1390 4139 1529 4223 gratiam
1546 4159 1654 4202 caram
1669 4137 1783 4218 habes,
1807 4158 1919 4201 omnes
1940 4138 2125 4204 societates

466 4246 499 4304 et
522 4241 750 4324 colligationes
774 4238 971 4320 huiusmodi,
995 4261 1075 4326 quas
1100 4242 1231 4326 penitus
1256 4261 1458 4323 revocamus,
1482 4263 1547 4306 non
1571 4241 1723 4305 obstante
1748 4241 1929 4304 iuramento
1954 4242 2123 4326 premisso
2180 4279 2206 4318 ,ο

465 4363 525 4407 seu
548 4344 613 4406 alia
634 4345 788 4408 firmitate
811 4363 1032 4428 quacumque,
1063 4343 1237 4409 denunties
1270 4352 1441 4410 revocatas
1464 4353 1497 4410 et
1526 4345 1567 4409 de
1592 4351 1702 4409 cetero
1726 4364 1791 4406 non
1816 4341 2010 4421 servandas,
2043 4344 2123 4408 illos

465 4446 520 4531 qui
543 4467 600 4510 eas
625 4467 755 4510 servare
787 4445 918 4532 propria
942 4447 1128 4512 temeritate
1158 4449 1434 4533 presumpserint,
1468 4449 1630 4535 spirituali
1654 4455 1687 4513 et
1716 4446 1889 4532 temporali
1911 4445 2125 4512 districtione

466 4549 688 4634 appellatione
711 4557 837 4614 remota
860 4572 1085 4636 compescens.
1782 4573 1783 4576 ’

573 4667 650 4736 Dat.
673 4669 814 4751 Perusii‚
837 4670 890 4735 ΙΙΙ
911 4670 991 4735 Idus
1015 4671 1169 4756 Augusti,
1192 4689 1276 4734 anno
1301 4669 1362 4734 IX.

1247 5156 1333 5230 655.

572 5263 763 5375 Greqorr'ns
788 5294 845 5358 IX
867 5315 955 5376 popa
984 5295 1148 5361 Friderr'co
1169 5296 1384 5361 Romanorum
1405 5298 1588 5377 imperatori
1610 5299 1811 5378 coequaretur
1833 5298 2013 5378 iniquitatis
2034 5303 2127 5382 filios
2183 5329 2209 5369 ss

465 5395 600 5460 occultus
622 5396 744 5461 litteras
757 5415 914 5481 sparpere,
936 5419 1016 5479 qnos
1036 5398 1074 5463 de
1089 5401 1278 5465 conscientia
1293 5401 1407 5464 snrnmc'
1422 5400 1585 5481 pontificis
1600 5420 1747 5465 annonara
1761 5401 1949 5465 rmndacitcr
1963 5412 2127 5488 asserant,

568 5655 593 5721 1)
613 5653 663 5709 Ea
683 5656 865 5726 septentrione
888 5656 1010 5713 Viterbr'r'.
1080 5659 1108 5727 2)
1128 5657 1170 5728 Os.
1188 5674 1215 5712 n.
1235 5661 1296 5714 654.
