4604 6420
763 427 764 430 =
807 393 1006 449 EPISTOLAE
1024 392 1214 448 SELECTAE.
1251 393 1327 446 1231.
1830 401 1892 464 353

241 569 348 655 ipsum
372 567 560 654 episcopum
583 568 795 632 exhumatum
820 568 906 655 apud
932 589 1024 632 suam
1047 567 1220 632 ecelesiam
1245 569 1459 648 tumularunt,
1486 567 1527 632 ad
1551 569 1728 634 claustrum
1749 570 1895 656 ipsorum

243 693 317 736 oum
340 670 452 736 debito
475 671 598 736 honore
623 671 848 737 tumulandum
871 671 1037 750 reducant,
1062 671 1147 735 sicut
1170 677 1221 735 est
1244 672 1292 735 eis
1314 671 1356 736 ab
1381 673 1565 758 apostolica
1587 672 1666 738 sede
1690 695 1895 755 concessum,

244 775 379 839 firmiter
404 775 597 860 iniungatis,
627 797 684 840 eos
707 775 748 840 ad
771 776 805 840 id
834 796 974 840 censura
997 774 1097 838 simili
1119 775 1369 860 compellentem
1398 774 1586 840 mandatum
1613 784 1759 842 nostrum
1785 778 1896 842 taliter

243 879 419 965 impleturi,
442 885 478 942 ut
496 885 586 942 tante
606 879 774 964 religionis
794 885 891 965 atque
911 877 1035 944 iustitie
1051 899 1110 942 vos
1131 878 1340 963 experiamur
1355 878 1499 944 existere
1520 880 1681 945 zelatores
1704 888 1738 946 et
1753 889 1895 947 vestram

245 983 424 1048 sollertiam
443 983 607 1069 possimus
625 983 743 1048 merito
764 982 1002 1048 commendare.
1048 980 1192 1055 Quodsi
1214 980 1322 1046 dictus
1341 982 1516 1068 episcopus
1539 985 1659 1048 nostris
1680 984 1785 1050 adhuc
1802 1007 1895 1050 man-

242 1084 327 1150 datis
351 1086 531 1150 contrarius
554 1085 728 1166 invenitur,
752 1086 828 1170 quia
851 1086 981 1150 omnino
1005 1106 1081 1149 suas
1108 1085 1328 1149 immanitates
1348 1085 1488 1170 relinqui
1511 1086 1663 1150 nolumus
1685 1087 1896 1169 incorrectae,

243 1210 335 1268 eum,
362 1195 398 1252 ut
421 1189 505 1253 inira
528 1210 674 1254 mensem
697 1197 772 1274 post
795 1190 1083 1253 commonitionem
1106 1195 1248 1253 vestram
1271 1196 1383 1254 nostro
1407 1211 1443 1254 se
1466 1193 1657 1276 conspectui
1680 1201 1895 1282 representet,

243 1291 338 1356 nobis
362 1290 402 1356 de
426 1297 516 1356 tanto
541 1297 730 1377 contemptu
754 1297 787 1356 et
814 1292 932 1357 iniuria
960 1312 1193 1377 responsurus,
1222 1313 1282 1378 per
1308 1313 1480 1357 censuram
1508 1292 1647 1359 eandem
1674 1296 1895 1382 appellatione

243 1395 428 1482 postposita
444 1395 660 1482 compellatis.
701 1395 786 1459 Nam
802 1395 901 1461 dante
916 1395 1058 1460 Domino
1075 1394 1233 1460 adversus
1249 1395 1454 1460 auctoritatis
1471 1397 1695 1464 ecclesiastice
1710 1399 1895 1470 firmitatem

244 1504 337 1584 porte
366 1498 462 1564 inferi
492 1497 622 1563 tandem
654 1499 788 1564 minime
818 1498 1044 1586 prevalebunt.
1088 1499 1206 1564 Testes
1237 1506 1299 1565 ete.
1345 1498 1440 1573 Quod
1470 1501 1499 1564 si
1527 1521 1591 1565 non
1615 1523 1727 1566 omnes
1751 1541 1802 1582 -,
1831 1504 1895 1568 duo
1914 1522 2067 1574 neema.

244 1609 391 1667 vestrum
414 1609 493 1678 etc.;
526 1601 757 1668 constitutione
788 1601 829 1667 de
860 1603 986 1667 duabus
1010 1603 1107 1668 dietis
1135 1603 1168 1666 in
1197 1602 1347 1686 generali
1375 1603 1514 1668 concilio
1537 1603 1625 1669 edita
1647 1604 1896 1672 nonobstante.

353 1721 441 1786 Data
462 1722 629 1804 Laterani,
652 1719 730 1786 Idus
754 1721 889 1810 Aprilis,
910 1722 1119 1808 pontificatus
1143 1721 1247 1786 nostri
1269 1742 1354 1787 anno
1378 1722 1502 1807 quinto.

866 2017 1277 2027 ——u—-mae—-u

940 2285 944 2288 ’
1023 2311 1112 2386 sse.

353 2443 544 2553 Gregorius
567 2471 623 2535 IX
636 2492 727 2552 pape
749 2469 942 2555 [Herrricum
964 2468 1045 2552 111]
1065 2489 1165 2550 repom
1187 2468 1324 2552 Amplior
1344 2473 1455 2547 monet,
1477 2475 1512 2533 ut
1532 2491 1602 2535 ema
1622 2471 1806 2556 [Iadowico
1827 2474 1899 2558 IX]

134 2627 138 2636 ,
246 2595 314 2656 repe
336 2575 536 2639 Francorum
555 2595 666 2654 pacem
687 2575 837 2659 reformet
865 2573 913 2637 vel
940 2573 1050 2637 sultam
1078 2575 1203 2654 tramae
1222 2575 1341 2654 firmet,
1372 2595 1411 2637 rra
1437 2573 1578 2639 turbator
1604 2577 1759 2658 nepoti-um
1784 2578 1899 2644 Terrae

160 2669 186 2730 ἰ
245 2677 390 2754 Sanctae,
413 2677 448 2740 irc
468 2677 558 2742 cuins
578 2677 798 2741 cetcmnirrr‘am
819 2697 877 2741 rac
899 2675 1072 2740 Persarum
1092 2694 1255 2740 mamasac
1276 2675 1407 2740 anbokt.
1464 2709 1470 2720 ·
1515 2681 1609 2758 1231,
1630 2679 1737 2760 April.
1759 2683 1812 2750 25.

349 2814 430 2883 Grec.
448 2813 498 2867 IX
515 2813 583 2882 Ray.
601 2813 664 2868 Lib.
687 2813 717 2877 V,
737 2817 781 2868 37.
804 2797 937 2867 'aarum
954 2827 989 2865 ee
1006 2810 1097 2882 Roya.
1117 2815 1191 2866 Aac.
1209 2812 1272 2866 eccl.
1291 2828 1317 2867 a.
1336 2814 1414 2878 1231,
1432 2817 1449 2879 §
1467 2817 1511 2869 52.

349 2899 486 2969 Pottlmat,
505 2899 574 2968 Bao.
593 2902 675 2954 8724.

829 3060 1003 3134 Illustri
1029 3060 1124 3152 regi
1151 3058 1319 3152 Anglie.

355 3212 449 3276 Licet
482 3231 674 3297 guerrarum
712 3208 868 3295 strepitus
906 3209 993 3273 omni
1029 3215 1177 3294 tempore
1211 3208 1383 3295 multiplici
1421 3208 1528 3274 subsit
1564 3209 1743 3276 discrimini
1780 3234 1897 3294 rerum,

170 3367 181 3377 .
248 3335 420 3400 corporum
448 3321 482 3380 et
515 3312 601 3400 quod
632 3319 684 3377 est
713 3311 846 3397 gravius
877 3311 1075 3391 animarum,
1111 3311 1187 3396 quia
1216 3317 1325 3377 tamen
1357 3333 1397 3377 eo
1428 3332 1513 3376 nuno
1543 3311 1616 3378 Deo
1647 3322 1681 3378 ct
1711 3314 1897 3380 hominibus

246 3419 378 3502 gravius
394 3417 593 3504 displiceret,
617 3438 680 3502 quo
705 3415 738 3479 in
761 3414 969 3501 dispendium
985 3414 1088 3480 Terre
1104 3413 1235 3494 Sancte,
1259 3436 1297 3480 ae
1320 3436 1379 3502 per
1395 3436 1599 3501 consequens
1618 3417 1653 3480 iu
1674 3416 1899 3484 confusionom
1990 3411 1997 3418 ’

247 3528 399 3606 vergeret
420 3521 521 3586 totius
543 3519 657 3606 populi
681 3518 871 3600 Christiani,
895 3539 967 3584 eum
991 3539 1051 3582 rex
1072 3517 1247 3582 Persarum
1273 3519 1413 3604 stipatus
1437 3517 1646 3584 multitudine
1669 3540 1844 3586 numerosa
1866 3522 1899 3586 in

248 3624 482 3690 exterminium
504 3627 591 3688 terre
615 3621 763 3708 predicte
787 3642 965 3685 succensus
989 3619 1164 3701 anhelans,
1197 3621 1261 3686 sibi
1287 3622 1350 3686 iam
1379 3620 1567 3686 civitatibus
1590 3628 1624 3686 ct
1651 3622 1732 3688 locis
1754 3624 1826 3688 aliis
1848 3624 1898 3687 in-

249 3725 751 3816 expugnabilibussubiugatis,
780 3726 905 3789 nullum
936 3745 971 3790 se
1003 3723 1116 3790 credat
1144 3724 1337 3810 repagulum
1366 3724 1529 3804 invenire,
1560 3725 1637 3809 quin
1665 3732 1769 3790 terras
1798 3727 1900 3791 cultui

170 3860 182 3898 c
249 3832 435 3897 Christiano
467 3831 598 3894 relictas
627 3826 761 3893 invadat
791 3833 824 3892 et
847 3825 1060 3891 Christicolas
1090 3827 1125 3891 in
1153 3826 1254 3912 gladii
1281 3828 1445 3892 occisione
1468 3826 1653 3914 disperdat,
1685 3828 1769 3893 sicut
1797 3850 1902 3915 nuper

249 3936 343 4001 nobis
366 3942 417 4000 est
438 3956 458 3999 a
480 3933 629 4021 plurimis
652 3932 852 3996 intimatum:
886 3929 1116 3995 celsitudinem
1140 3931 1264 4015 regiam
1287 3952 1455 4016 rogamus,
1484 3952 1655 3997 monemus
1679 3937 1712 3995 et
1733 3931 1901 3996 hortamur

249 4040 282 4105 in
305 4038 465 4114 Domino,
496 4043 658 4123 quatenus
682 4035 779 4099 saluti
801 4034 933 4119 proprie
962 4055 1111 4098 necnon
1133 4039 1189 4098 tue
1212 4055 1251 4098 ac
1274 4041 1403 4099 tuorum
1426 4035 1528 4120 quieti
1555 4033 1691 4120 provide
1715 4035 1900 4114 consulens,

249 4141 393 4228 seposito
416 4160 609 4225 guerrarum
631 4137 800 4224 proposito
823 4135 865 4200 ad
887 4137 978 4222 pacis
1002 4135 1116 4202 federa
1138 4137 1224 4201 inter
1246 4144 1279 4202 te
1302 4158 1341 4202 ae
1364 4138 1569 4203 carissimum
1592 4137 1625 4201 in
1645 4136 1776 4202 Christo
1799 4137 1900 4201 filium

249 4250 396 4309 nostrum
426 4263 539 4327 regem
568 4243 768 4307 Francorum
795 4240 973 4316 illustrem,
1007 4241 1035 4304 si
1062 4239 1173 4304 datum
1201 4247 1253 4305 est
1279 4239 1437 4327 desuper,
1467 4239 1675 4306 reformanda
1703 4240 1756 4306 vel
1785 4240 1901 4306 saltem

250 4355 385 4432 treugas
416 4346 591 4410 firmandas
619 4345 762 4410 animum
792 4349 883 4408 tuum
911 4342 1090 4430 prudenter
1117 4343 1274 4424 inclines,
1308 4343 1415 4408 sciens
1445 4364 1506 4408 nos
1534 4343 1604 4428 regi
1626 4343 1772 4430 predicto
1795 4345 1902 4409 simile

249 4451 421 4515 eonsilium
437 4449 633 4514 destinasse.
678 4447 723 4511 Ut
746 4453 856 4511 autem
877 4445 1050 4510 concordia
1070 4446 1248 4532 perfectius
1268 4450 1488 4531 pertractetur
1511 4452 1544 4510 et
1567 4445 1695 4511 felicius
1717 4447 1901 4534 impleatur,

250 4553 473 4619 venerabilem
496 4552 631 4616 fratrem
653 4556 801 4615 nostrum
823 4548 1088 4614 Wintonicnsem
1114 4548 1329 4634 episcopum¹
1360 4569 1403 4613 ex
1431 4555 1524 4634 parte
1547 4554 1619 4629 tua,
1648 4570 1745 4635 quem
1767 4571 1847 4635 erga
1869 4556 1901 4614 tc

250 4656 326 4721 fidei
350 4663 383 4720 et
406 4654 590 4720 devotionis
614 4675 730 4741 gerere
759 4653 910 4718 novimus
940 4652 1132 4738 puritatem,
1165 4660 1200 4718 et
1221 4652 1444 4717 venerabilem
1472 4653 1606 4718 fratrem
1629 4662 1774 4719 nostrum
1796 4655 1902 4720 arohi-

250 4759 442 4846 cpiscopum
480 4755 734 4824 senonensem²'
765 4778 808 4821 ex
845 4757 949 4820 altera
985 4761 1121 4842 propter
1156 4756 1219 4820 hoo
1258 4753 1460 4842 providimus
1498 4755 1728 4838 destinandos,
1765 4777 1902 4843 quorum

174 4886 199 4924 aa
251 4863 384 4928 monitis
408 4869 441 4927 ct
465 4861 749 4928 exhortationibus
772 4859 907 4925 credere
930 4866 963 4924 te
986 4859 1136 4924 volumus
1160 4858 1416 4924 incunctantcr³.

357 4983 435 5050 Dat.
457 4982 569 5047 Later.
591 4979 658 5044 VII
681 4979 756 5044 Kal.
779 4979 869 5058 Maii,
891 4978 1102 5064 pontificatus
1125 4979 1230 5045 nostri
1252 4999 1337 5044 anno
1359 4978 1401 5044 V.

359 5101 411 5190 [In
433 5101 573 5168 eundem
595 5099 727 5165 modum
751 5099 908 5185 scriptum
931 5105 983 5164 est
1003 5099 1121 5164 illustri
1144 5100 1214 5186 regi
1235 5097 1482 5187 Francorumlss.

1185 5291 1799 5300 -—--—.-—.—.-——-—————-

358 5429 380 5494 ¹)
397 5430 435 5481 od
450 5431 553 5484 amdam
570 5433 633 5484 lmcc
649 5449 704 5483 noa
721 5431 768 5484 dot
785 5430 871 5498 Roym

358 5581 383 5640 1)
402 5581 523 5636 Petram.
612 5583 640 5650 2)
665 5583 824 5638 ll'oltermm.
913 5583 941 5650 3)
960 5581 1005 5635 Dc
1022 5596 1053 5635 re
1070 5581 1108 5649 cs.
1133 5579 1282 5646 Tillrmorrt,
1306 5578 1354 5633 Via
1371 5579 1404 5632 de
1420 5578 1461 5634 St.
1478 5581 1575 5646 Loris,
1593 5581 1634 5636 cd.
1652 5581 1685 5636 dc
1704 5580 1810 5646 Gaude,
1828 5587 1845 5637 t.
1865 5583 1907 5646 11,

175 5683 201 5722 ro
251 5686 281 5738 p.
300 5673 351 5723 101
369 5669 395 5722 et
413 5683 489 5736 aequ.

357 5783 418 5833 ltro.
437 5781 518 5832 Pom.
538 5783 557 5831 1.
1668 5773 1704 5828 45
