4494 6426
440 377 500 439 138
1025 369 1073 422 ΕΧ
1091 366 1248 422 HONORII
1266 367 1307 420 ΠΙ
1325 366 1504 422 REGISTRO

438 552 585 612 nostrum
600 546 782 610 Iohannem
803 564 917 628 regem
931 541 1231 608 ierosolimitanum
1251 541 1422 623 illustrem,
1446 548 1480 607 et
1502 543 1534 606 in
1558 563 1597 607 eo
1615 549 1748 629 propter
1770 548 1880 605 notam
1898 539 2087 605 industriam

439 660 473 716 et
494 651 665 739 probatam
688 647 893 736 prudentiam
917 653 1006 711 tuam
1029 645 1152 710 hebere
1176 651 1265 708 tuam
1287 666 1416 730 quoque
1439 647 1640 731 presentiam
1664 647 1871 724 affectemus,
1894 645 2091 710 fraternitati

439 762 494 820 tue
517 776 577 841 per
598 753 782 840 apostolica
805 752 927 838 scripta
949 749 1157 828 mandamus,
1193 749 1345 833 quatinus
1370 770 1469 834 super
1492 749 1552 812 hoc
1577 749 1702 813 habeus
1726 749 1899 813 consilium
1923 771 1995 815 oum
2018 750 2089 835 ipso

439 879 517 943 rege
541 863 574 921 et
589 855 776 942 patriarcha
799 862 832 919 et
855 854 938 931 aliis,
964 874 1044 938 quos
1068 852 1109 916 ad
1132 852 1195 916 hoc
1211 851 1332 916 videris
1350 858 1561 938 opportunos,
1585 853 1671 938 quod
1695 854 1765 917 sine
1783 853 1970 918 discrimine
1993 859 2090 931 terre,

439 983 536 1048 quam
564 961 742 1026 Christiani
774 965 887 1024 tenent
918 959 952 1022 in
981 957 1127 1044 partibus
1157 957 1397 1033 transmarinis,
1428 958 1535 1042 possis
1566 957 1677 1021 venire
1710 957 1752 1021 ad
1781 957 1980 1042 colloquium
2011 977 2090 1043 sepe
2141 989 2152 1026 s

439 1065 580 1145 dictum,
613 1065 654 1130 ad
688 1065 769 1129 illud
801 1063 1018 1150 personaliter
1049 1060 1161 1126 venire
1205 1081 1299 1125 cures
1338 1061 1478 1125 termino
1514 1062 1751 1148 suprascript03
1791 1062 1876 1146 quod
1919 1063 1948 1127 si
1981 1061 2093 1126 venire

438 1170 522 1235 forte
562 1167 768 1256 nequiveris,
804 1188 864 1253 per
904 1167 1030 1230 litteras
1067 1166 1120 1229 vel
1155 1165 1291 1228 nuncios
1334 1173 1407 1229 tuos
1447 1188 1546 1252 super
1578 1167 1733 1231 iamdicto
1771 1169 1905 1250 negotio
1941 1175 1999 1231 tua
2035 1187 2094 1230 nos

439 1275 628 1338 fraternitas
652 1277 805 1359 procuret
827 1271 1007 1349 instruere,
1038 1269 1078 1333 de
1112 1269 1230 1354 quibus
1254 1269 1374 1334 videris
1404 1271 1571 1357 expedire.
1616 1271 1656 1335 Id
1679 1276 1788 1335 autem
1818 1270 2016 1335 fratemitati
2038 1275 2094 1333 tue

440 1379 590 1442 volumus
614 1398 688 1442 esse
709 1382 833 1456 notum,
855 1374 942 1459 quod
965 1375 1036 1460 ipsc
1053 1375 1231 1459 imperator
1246 1375 1361 1439 volens
1378 1376 1583 1462 propositum
1608 1382 1641 1440 et
1657 1374 1854 1440 desiderium
1878 1397 1972 1439 suum
1996 1395 2097 1460 super

441 1481 526 1546 dioto
543 1481 645 1546 Terre
662 1480 780 1545 Sancte
801 1480 935 1563 negotio
951 1478 1061 1543 facero
1077 1477 1287 1541 manifestum
1311 1485 1344 1542 et
1366 1479 1408 1542 ad
1423 1479 1631 1543 sublimitatis
1650 1481 1817 1564 sequelam
1840 1480 1922 1542 alios
1938 1479 2095 1556 animare,
2148 1507 2180 1544 ro

441 1586 474 1649 in
496 1585 562 1648 iam
585 1584 749 1648 celebrato
773 1582 935 1667 colloquio
960 1582 1092 1668 publice
1115 1582 1149 1644 in
1173 1588 1352 1666 conspectu
1374 1582 1592 1647 multitudinis
1616 1583 1830 1668 prelatorum,
1854 1582 2039 1668 principum
2064 1585 2097 1643 et

440 1689 600 1753 baronum
623 1708 661 1751 ao
685 1687 838 1761 aliorum,
867 1685 921 1770 qui
950 1684 992 1748 ad
1015 1684 1212 1769 colloquium
1235 1685 1341 1768 ipsum
1366 1692 1604 1766 convenerant,
1634 1707 1731 1749 manu
1760 1686 1892 1774 propria
1915 1689 2098 1770 spontanea

441 1792 610 1855 voluntate
634 1790 766 1869 inravit,
795 1787 881 1872 quod
905 1787 968 1851 iter
990 1787 1223 1852 transfretandi
1246 1789 1380 1874 arripiet
1403 1791 1560 1871 termino,
1588 1811 1683 1875 quem
1709 1791 1771 1854 sibi
1795 1811 1853 1854 seu
1875 1790 1909 1853 in
1932 1787 2096 1872 colloquio

442 1893 529 1980 apud
540 1894 707 1958 Veronam
722 1899 759 1958 nt
775 1892 928 1956 duximus
945 1890 1152 1971 celebrando,
1178 1913 1236 1955 seu
1252 1892 1338 1956 circa
1355 1899 1496 1978 tempus,
1520 1915 1582 1979 quo
1600 1894 1797 1980 colloquium
1813 1894 1921 1979 ipsum
1937 1891 2097 1956 indictum

443 2005 503 2080 est,
527 1997 717 2062 duxerimus
741 1995 976 2082 prefigendum.
1009 1997 1011 2004 ’
2146 2022 2164 2056 a

549 2117 625 2181 Dat.
649 2116 792 2196 Verulis,
816 2116 884 2180 vll
906 2115 982 2180 Kal.
1006 2116 1096 2198 Maii,
1120 2119 1327 2203 pontificatus
1350 2120 1455 2183 nostri
1476 2142 1561 2185 anno
1586 2127 1689 2186 sexto.

549 2238 588 2302 In
618 2237 757 2302 eundem
786 2237 917 2302 modum
950 2237 1106 2322 scriptum
1140 2245 1190 2301 est
1218 2239 1324 2303 eidem
1353 2241 1463 2324 legato
1495 2263 1612 2326 usque:
1641 2241 1833 2305 animentur.
1890 2237 1973 2301 Cum
2001 2237 2099 2321 igitur

442 2342 651 2406 karissimum
673 2342 707 2405 in
731 2340 862 2406 Christo
891 2341 994 2405 filium
1025 2347 1174 2405 nostrum
1198 2341 1379 2408 Iohannem
1409 2365 1523 2428 regom
1547 2344 1845 2409 Ierosolimitanum
1872 2341 2036 2404 illustrem
2059 2338 2098 2402 ad

441 2446 549 2532 ipsum
572 2445 768 2530 colloquium
791 2445 984 2524 invitemus,
1017 2443 1255 2508 fraternitatem
1287 2451 1375 2509 tuam
1401 2447 1640 2511 sollicitandam
1665 2445 1817 2510 duximus
1840 2450 1873 2509 ct
1894 2441 2098 2520 hortandam,

443 2548 595 2634 quatinus
618 2547 660 2611 ad
683 2554 770 2611 terre
787 2546 970 2611 custodiam
986 2546 1161 2630 vigilanter
1183 2546 1367 2626 intendens,
1390 2548 1504 2613 fideles
1522 2549 1741 2614 consistentes
1765 2546 1885 2612 ibidem
1903 2567 2098 2610 conservare
2144 2571 2164 2606 a

443 2650 576 2716 studeas
600 2651 633 2714 in
655 2651 785 2714 vinculo
816 2650 975 2731 caritatis,
1008 2671 1045 2713 ae
1074 2671 1134 2734 per
1162 2649 1289 2714 litteras
1319 2657 1375 2714 aut
1405 2652 1537 2716 nuntios
1566 2658 1640 2716 tuos
1670 2674 1729 2716 nos
1752 2653 1895 2716 instruas
1918 2650 1960 2714 de
1983 2649 2100 2733 quihus

443 2754 565 2819 videris
589 2752 756 2839 expedire.
801 2751 842 2816 Id
864 2758 974 2817 autem
998 2752 1189 2817 discretioni
1212 2760 1267 2818 tue
1290 2756 1441 2819 volumus
1465 2777 1539 2820 esse
1562 2762 1690 2838 notum,
1722 2754 1808 2841 quod
1830 2755 1900 2841 ipse
1925 2755 2102 2839 imperator

443 2859 558 2922 volens
581 2857 786 2942 propositum
809 2861 842 2921 et
864 2855 1063 2920 desiderium
1088 2877 1182 2920 suum
1207 2864 1270 2923 ete.
1295 2864 1331 2922 ut
1355 2880 1455 2945 supra
1476 2881 1579 2946 usque
1603 2861 1636 2924 in
1659 2861 1768 2924 finem.

551 2977 591 3040 Iu
622 2975 762 3041 eundem
798 2974 927 3041 modum
963 2977 1118 3061 scriptum
1153 2983 1204 3041 est
1244 2976 1383 3042 Iohanni
1419 2979 1490 3064 regi
1526 2979 1789 3044 ierosolimitano
1825 2977 1946 3042 illustri
1981 2995 2099 3060 usque:

445 3081 650 3147 decrevimus
674 3081 803 3166 plenius
828 3079 989 3162 ordinare,
1013 3082 1181 3166 presentia
1204 3088 1261 3146 tua
1283 3083 1460 3168 plurimum
1485 3104 1559 3147 esse
1582 3084 1672 3147 utilis
1696 3082 1860 3160 videatur,
1884 3102 1943 3144 uos
1967 3100 2005 3144 ac
2028 3080 2099 3164 ipse
2148 3111 2169 3147 a

445 3185 622 3270 imperator
644 3190 676 3248 te
700 3183 764 3268 ipsi
788 3184 950 3268 colloquio
966 3185 1127 3248 interesse
1151 3192 1286 3270 propter
1308 3193 1418 3250 notam
1436 3187 1629 3252 industriam
1654 3193 1687 3251 et
1710 3187 1880 3271 probatam
1895 3183 2101 3269 prudentiam

444 3295 534 3352 tuam
557 3289 699 3352 maxime
729 3289 938 3368 affectamus,
971 3288 1058 3352 undo
1090 3289 1184 3352 nobis
1216 3290 1461 3354 attendentibus
1491 3297 1524 3355 to
1556 3289 1596 3354 ad
1626 3290 1660 3354 id
1682 3291 1793 3355 venire
1822 3309 1887 3352 non
1910 3309 2008 3373 posse
2032 3286 2101 3349 sine

445 3392 537 3478 gravi
560 3391 748 3477 dispendio,
774 3398 806 3455 et
830 3391 1053 3457 asserentibus
1078 3393 1164 3478 quod
1188 3394 1272 3459 forte
1296 3417 1361 3459 non
1384 3416 1501 3481 posses
1525 3395 1565 3468 de
1589 3395 1680 3459 facili
1703 3394 1744 3459 ad
1766 3393 1800 3457 id
1821 3391 1944 3455 habere
1968 3389 2102 3473 dignum

445 3503 500 3560 tue
525 3494 712 3559 eelsitudini
744 3502 953 3580 apparatum,
985 3494 1072 3559 idem
1105 3497 1281 3581 imperator
1313 3497 1532 3584 respondens,
1567 3498 1653 3582 quod
1684 3519 1783 3583 super
1811 3497 1873 3560 hoo
1902 3491 2101 3580 provideret,

444 3599 606 3662 instanter
628 3597 724 3682 petiit
747 3606 779 3660 tc
803 3597 843 3661 ad
860 3598 966 3683 ipsum
981 3599 1179 3684 colloquium
1196 3602 1385 3686 apostolicis
1402 3603 1522 3667 litteris
1541 3603 1681 3670 invitari.
1725 3601 1870 3686 Ideoque
1887 3598 2099 3662 serenitatem
2165 3631 2169 3656 t

445 3707 534 3766 tuam
567 3699 745 3784 rogandam
776 3699 928 3765 duximus
961 3709 993 3765 et
1025 3701 1235 3783 hortandam,
1271 3706 1423 3788 quatinus
1456 3727 1555 3792 super
1582 3706 1643 3770 hoo
1673 3705 1797 3770 habens
1829 3701 2001 3768 consilium
2031 3720 2102 3764 cnm

446 3804 688 3870 venerabilibus
719 3803 873 3868 fratribus
901 3805 1022 3868 nostris
1054 3804 1090 3868 P.
1119 3805 1302 3872 Albanensi
1336 3809 1489 3895 episcopo
1521 3811 1703 3896 apostolice
1736 3808 1823 3873 sedis
1855 3807 1965 3890 legato
1997 3810 2031 3868 et
2062 3839 2101 3867 .·

445 3907 631 3994 patriarcha
653 3906 940 3972 lerosolimitano¹
964 3909 1102 3994 aliisque
1127 3910 1281 3995 prelatis,
1315 3933 1376 3976 nee
1400 3934 1464 3976 non
1489 3934 1562 3977 cum
1585 3913 1752 3997 magistris
1776 3962 1784 3978 .
1808 3962 1816 3977 .
1839 3906 2047 3993 Hospitalis²
2070 3911 2102 3970 et

447 4061 455 4079 .
480 4062 487 4078 .
512 4011 665 4097 Templi³
689 4031 727 4073 ac
754 4061 761 4076 .
786 4061 794 4076 .
817 4017 1012 4097 preceptore
1036 4011 1151 4076 domus
1176 4020 1289 4078 sancte
1314 4013 1418 4080 Maria
1432 4015 1687 4082 'santonicorum
1710 4016 1847 4099 aliisque
1871 4032 1952 4097 quos
1977 4008 2019 4074 ad
2041 4009 2101 4072 hoo

446 4115 567 4180 videris
591 4120 786 4200 oportunos,
817 4116 844 4178 si
867 4114 1005 4196 videris,
1039 4116 1126 4199 quod
1156 4117 1227 4182 sine
1251 4117 1439 4184 discrimine
1464 4127 1567 4200 terre,
1599 4141 1696 4205 quam
1721 4117 1899 4184 Christiani
1925 4118 2041 4179 tenent
2068 4113 2100 4175 in

446 4216 594 4304 partibus
617 4217 859 4296 transmarinis,
890 4219 998 4303 possis
1027 4219 1140 4283 venire
1170 4220 1211 4283 ad
1241 4222 1438 4306 colloquium
1462 4222 1684 4308 sepedictum,
1717 4221 1758 4287 ad
1780 4220 1862 4285 illud
1883 4216 2102 4304 personaliter

446 4321 558 4386 venire
582 4342 676 4385 cures
700 4321 838 4386 termino
856 4323 1087 4408 suprascripto.
1135 4322 1229 4396 Quod
1253 4325 1281 4389 si
1297 4327 1409 4391 venire
1425 4325 1509 4391 forto
1525 4327 1724 4412 nequiveris,
1748 4323 1908 4389 discretos
1931 4327 1965 4386 et
1987 4318 2101 4385 fideles

447 4425 579 4489 nuntios
603 4424 645 4488 ad
667 4425 776 4510 ipsum
799 4445 892 4490 eures
910 4426 1108 4511 colloquium
1123 4425 1299 4506 destinare,
1324 4429 1379 4513 qui
1396 4429 1466 4493 vice
1489 4436 1546 4493 tua
1568 4431 1662 4495 nobis
1681 4430 1757 4494 dare
1775 4429 1907 4492 valeant
1930 4422 2100 4489 consilium

448 4535 652 4614 oportunum.
705 4526 745 4591 Id
778 4533 888 4593 autem
923 4528 1119 4594 excellentie
1155 4535 1209 4596 tue
1243 4531 1393 4595 volumus
1427 4553 1501 4596 esse
1537 4539 1649 4598 notum
1683 4538 1746 4597 eto.
1780 4536 1816 4594 ut
1851 4551 1951 4614 supra
1983 4548 2100 4613 usque:

448 4631 685 4718 prefigendum.

1074 4773 1486 4783 ——-—--—

1233 5000 1316 5075 197.

557 5105 746 5201 Honorius
760 5135 829 5200 ΠΙ
842 5157 930 5216 papa
945 5137 1101 5202 ninivensis
1121 5139 1242 5204 Christi
1261 5141 1410 5222 fidelibus
1432 5143 1540 5203 notmn
1559 5140 1646 5219 facit,
1668 5159 1700 5202 se
1715 5137 1858 5202 manitas
1874 5135 2105 5218 pontificatibus

448 5243 477 5305 et
505 5240 666 5320 confessis,
696 5240 751 5320 qni
782 5238 825 5302 nd
852 5241 1144 5306 consummationem
1174 5243 1316 5308 ccclesiae
1346 5244 1449 5307 sancti
1476 5242 1631 5306 tranem·
1652 5239 1934 5324 Moqdcbnrqcnsis
1964 5237 2105 5304 setania

446 5343 638 5424 impendant,
661 5341 874 5424 qnodrnqinta
895 5341 962 5407 dies
983 5343 1021 5408 de
1041 5345 1194 5409 iniunctis
1213 5345 1415 5426 poenitentiis
1436 5344 1592 5414 relocare.
1742 5347 1836 5424 1222,
1859 5343 1944 5408 Mai.
1968 5346 2018 5409 17.

554 5461 627 5514 Hon.
647 5460 702 5514 111
721 5459 791 5531 Req.
815 5459 872 5515 Vol.
892 5461 1040 5528 111,234;
1059 5461 1122 5517 Lib.
1147 5463 1194 5529 VI,
1215 5467 1278 5518 362.

553 5667 579 5736 1)
599 5666 731 5737 Badutfo.
800 5669 827 5734 2)
848 5667 964 5726 Garino.
1033 5671 1059 5738 3)
1079 5670 1170 5727 Petra.
