4590 6366
738 401 937 460 EPIS'I'OLAE
955 400 1144 459 SELECTAE.
1182 403 1257 460 1236.

957 689 1042 761 680.

280 797 471 910 Gregorius
501 826 558 891 IX
581 847 673 909 papa
705 827 968 913 [Mareellinam]
1002 829 1176 908 episcopum
1204 829 1419 894 Aesculaaam
1449 828 1626 910 specialiter
1651 848 1715 910 pro
1746 847 1823 910 pace

177 931 401 996 Vererseaslam
423 928 566 996 laborare
588 931 680 1008 labet,
703 930 861 994 mandam
882 935 918 994 at
940 932 969 994 si
990 950 1109 996 necessa
1129 931 1236 1012 suerit,
1259 936 1369 997 contra
1390 933 1517 997 rebelles
1532 931 1692 1013 maceda.

1444 1038 1537 1114 1236,
1560 1035 1660 1100 Mart.
1682 1037 1735 1102 27.

275 1104 355 1172 (ἶνες.
375 1101 424 1154 IX
441 1100 508 1169 Rea.
532 1101 588 1155 Vol.
613 1101 729 1168 1⁷,1385
746 1100 809 1156 Lib.
829 1101 866 1164 X,
885 1106 928 1155 10.

720 1334 729 1351 .
759 1335 768 1352 .
797 1279 1009 1371 episeopo
1037 1279 1271 1354 Esculano.

276 1428 489 1493 Fratemitati
512 1434 566 1492 tue
590 1425 792 1514 presentium
823 1430 1017 1494 auctoritate
1041 1431 1255 1516 precipimus,
1287 1431 1437 1516 quatinus
1462 1431 1548 1494 iuter
1570 1431 1651 1511 alia,
1682 1453 1744 1517 que
1767 1432 1817 1496 in-

169 1532 355 1596 iuncximus
379 1531 439 1595 tibi
462 1552 520 1617 pro
544 1551 625 1617 pace
649 1531 817 1617 provincie
834 1531 1043 1612 Lombardic‚
1067 1533 1257 1619 specialiter
1278 1555 1337 1619 pro
1361 1533 1537 1598 concordia
1560 1539 1593 1598 et
1615 1555 1696 1620 pace
1713 1535 1819 1600 Vero-

169 1635 319 1699 nensium
353 1655 483 1699 omnem
518 1633 723 1720 diligentiam
757 1641 791 1700 et
827 1634 971 1700 studium
1005 1637 1214 1722 interponas,
1249 1636 1290 1701 ad
1309 1637 1385 1714 ,hoc
1416 1637 1557 1702 sollicita
1586 1638 1757 1723 vigilantia
1787 1646 1821 1705 et

169 1739 318 1824 vigilanti
341 1738 561 1805 sollieitudine
584 1739 794 1822 intendendo.
838 1739 933 1804 Licet
956 1741 1044 1812 enim
1068 1748 1181 1805 contra
1204 1741 1380 1806 violatores
1404 1743 1514 1827 pacis,
1538 1763 1600 1827 que
1624 1743 1819 1808 auctoritate

168 1842 316 1908 Romane
341 1844 482 1908 ecclesie
507 1844 683 1908 reformata
709 1843 815 1909 iuerat
837 1845 923 1908 inter
945 1844 1035 1930 ipso
1046 1845 1067 1923 ¹,
1091 1844 1334 1909 venerabilibus
1354 1845 1511 1910 fratribus
1532 1847 1654 1910 uostris
1671 1895 1678 1912 .
1693 1895 1700 1910 .
1717 1847 1819 1933 patri-

168 1947 266 2011 arche
290 1946 475 2011 Gradensi²
504 1953 537 2010 ct
560 1996 593 2013 ..
617 1948 771 2033 episeopo
795 1946 948 2032 Regino³
976 1946 1193 2012 direxerimus
1223 1949 1343 2033 scripta
1366 1955 1497 2030 nostra,
1528 1951 1679 2014 volumus
1709 1957 1819 2016 tamen

168 2050 397 2115 nichilominus
428 2057 461 2114 et
492 2049 700 2130 mandamus,
735 2057 772 2114 ut
805 2057 838 2115 et
865 2057 901 2115 tu
936 2057 1048 2115 contra
1081 2052 1187 2136 ipsos,
1221 2052 1249 2115 si
1284 2073 1397 2116 eorum
1426 2053 1563 2118 rebellio
1598 2052 1630 2116 id
1657 2055 1818 2139 exegerit,

169 2155 361 2220 auctoritate
384 2159 496 2217 nostra
519 2153 648 2219 sublato
671 2155 903 2240 appellationis
928 2154 1119 2218 obstaculoa
1139 2154 1318 2241 procedere
1342 2177 1406 2220 non
1429 2161 1619 2241 postponas.

274 2276 350 2341 Dat.
375 2275 528 2354 Viterbii,
552 2275 601 2339 VI
624 2275 699 2342 Kal.
721 2276 857 2362 Aprilis,
881 2297 966 2340 anno
989 2274 1033 2358 X.

949 2745 1037 2817 681.

276 2859 467 2969 Greyories
499 2883 556 2949 IX
584 2905 676 2964 propa
708 2883 929 2968 [Hermanno]
964 2885 1113 2967 amqshlro
1153 2884 1387 2950 Tadoaicoram
1423 2886 1562 2950 districte
1592 2883 1818 2966 praecipiendo

166 2991 305 3070 madal,
327 2995 364 3055 at
382 3010 441 3070 pro
464 2989 696 3070 tranquillitate
716 2989 805 3069 pacis
826 2990 910 3052 later
935 2989 1093 3053 ecclesalam
1114 2992 1144 3052 et
1164 2989 1330 3069 imperium
1347 2989 1553 3071 procuranda
1574 2991 1643 3053 siae
1664 3007 1753 3052 mora
1774 2988 1819 3053 ad

164 3095 264 3160 sedem
285 3095 485 3175 apostolicam
507 3093 621 3158 veniat.
671 3091 719 3171 Of.
742 3111 774 3157 a.
799 3095 870 3155 678.
1437 3096 1530 3172 1236,
1553 3093 1653 3158 Mart.
1675 3095 1728 3158 27.

269 3213 351 3283 (ἔτερ.
371 3213 419 3266 IX
433 3212 504 3282 Ray.
526 3211 584 3266 Vol.
610 3211 639 3275 V,
658 3213 727 3272 139,·
744 3209 806 3265 Lib.
827 3211 863 3274 X,
883 3214 922 3264 16.

269 3301 404 3368 Potthast,
422 3299 489 3367 Ray.
507 3297 580 3352 Adel.
597 3298 623 3364 I,
641 3300 885 3351 10132a-26257.

296 3478 509 3571 Magistro
537 3478 695 3550 domus
717 3474 951 3567 hospitalis
978 3481 1132 3550 sancte
1158 3476 1291 3550 Marie
1318 3475 1676 3550 Teutonicorum.

273 3628 434 3702 Quoniam
466 3626 507 3691 ad
541 3627 734 3712 religionem
764 3625 874 3690 divina
903 3625 1048 3690 crederis
1084 3627 1271 3712 provisione
1301 3631 1454 3707 vocatus,
1488 3633 1524 3691 ut
1555 3626 1644 3712 regis
1674 3627 1813 3714 pacifici,

163 3727 352 3797 mediatoris
375 3729 440 3794 Dei
464 3736 497 3795 et
520 3730 698 3810 hominum,
721 3729 763 3794 ad
787 3729 993 3794 concordiam
1019 3728 1259 3794 reformandam
1282 3731 1370 3795 inter
1391 3730 1557 3816 principes
1580 3730 1694 3795 mundi
1716 3729 1813 3796 huius

164 3840 198 3898 et
228 3833 330 3898 Terre
360 3833 480 3898 Sancte
515 3833 697 3898 subsidium
731 3831 972 3919 procurandum
1009 3832 1127 3897 efficax
1162 3840 1355 3919 cooperator
1387 3835 1528 3914 existes,
1561 3834 1703 3900 maxime
1739 3855 1813 3899 cum

164 3937 344 4022 apostolice
375 3936 464 4001 sedis
493 3939 632 4022 gratiam
656 3942 689 4001 et
712 3937 878 4002 karissimi
902 3937 936 4001 in
960 3935 1091 4001 Christo
1114 3937 1172 4000 filii
1197 3937 1300 4000 nostri
1322 3935 1481 4002 Friderici
1504 3936 1727 4002 Romanorum
1750 3943 1813 4004 etc.

100 4083 103 4094 ·
164 4039 310 4104 favorem
332 4040 481 4105 obtineas
505 4040 695 4126 specialem,
720 4045 848 4126 oportet
868 4045 901 4104 te
918 4040 1060 4104 sollicita
1074 4039 1286 4104 meditatione
1303 4061 1452 4126 pensare,
1477 4041 1618 4126 qualiter
1641 4062 1812 4106 occurrere

162 4145 271 4229 pravis
294 4143 589 4208 machinationibus
612 4144 831 4228 malignorum
862 4149 895 4207 et
924 4165 1043 4229 aspera
1070 4145 1103 4207 iu
1127 4144 1196 4208 vias
1219 4144 1334 4229 planas
1359 4150 1392 4208 et
1414 4164 1515 4230 prava
1536 4143 1679 4230 dirigere
1701 4145 1934 4210 velocasses.

162 4246 197 4309 in
219 4244 389 4311 directum.
435 4247 598 4320 Quocirca
620 4248 823 4332 presentium
846 4246 906 4310 tibi
929 4246 1123 4310 auctoritate
1147 4247 1180 4310 in
1203 4247 1322 4324 virtute
1348 4246 1553 4328 obedientie,
1577 4268 1640 4332 qua
1661 4248 1756 4313 nobis
1780 4255 1813 4314 et

164 4350 305 4414 ecclesie
322 4348 470 4415 Romane
495 4351 629 4432 teneris,
653 4350 801 4415 districte
825 4349 1038 4436 precipiendo
1055 4348 1256 4429 mandamus,
1280 4351 1443 4436 quatinus,
1469 4352 1554 4416 sicut
1577 4371 1686 4416 caram
1708 4350 1812 4417 habes

163 4455 302 4537 gratiam
317 4455 383 4520 Dei
406 4462 440 4521 et
462 4461 617 4538 nostram,
641 4456 730 4520 omni
752 4476 844 4520 mora
867 4461 900 4520 et
923 4455 1137 4520 excusatione
1155 4455 1363 4520 cessantibus
1387 4455 1428 4520 ad
1451 4461 1595 4520 nostram
1610 4456 1812 4542 presentiam

165 4557 275 4621 venire
298 4579 363 4623 non
379 4559 510 4624 differas
533 4580 592 4645 pro
615 4579 734 4643 magno
757 4558 880 4623 honore
904 4559 1044 4623 ecclesie
1068 4563 1101 4622 et
1124 4559 1252 4644 imperii
1274 4558 1497 4645 promovendo
1520 4565 1554 4625 et
1575 4560 1811 4646 tranquillitate

161 4661 253 4745 pacis
269 4661 447 4726 eorundem
465 4663 642 4728 efficaciter
662 4662 875 4748 procuranda.
919 4661 1076 4748 Alioquin
1100 4685 1119 4727 a
1141 4663 1237 4748 culpa
1252 4683 1458 4749 nequaquam
1472 4661 1632 4728 videreris
1648 4663 1811 4744 immunis,

162 4763 273 4849 siper
300 4766 538 4850 negligentiam
567 4771 657 4830 tuam
685 4771 759 4852 post
787 4765 977 4830 mandatum
1010 4771 1156 4831 nostrum
1188 4766 1329 4830 ecelesia
1352 4767 1405 4830 vol
1434 4768 1607 4854 imperium
1629 4772 1686 4832 aut
1708 4769 1812 4833 'l'erra

163 4865 285 4930 Sancta
306 4869 487 4953 periculum
503 4870 685 4934 incurreret
700 4870 752 4934 vel
776 4865 944 4950 iacturam,
968 4875 1001 4934 et
1024 4870 1058 4932 in
1081 4875 1173 4934 tuum
1196 4874 1230 4934 et
1252 4869 1353 4934 totius
1370 4871 1418 4934 tui
1440 4870 1562 4935 ordinis
1579 4891 1677 4955 grave
1698 4880 1811 4957 posset

162 4968 369 5055 dispendium
391 4971 591 5054 redundare,
620 4974 647 5036 si
676 4973 797 5037 nostris
821 4993 886 5036 non
909 4973 1042 5038 duxeris
1066 4973 1099 5037 in
1122 4973 1183 5037 hac
1207 4979 1299 5060 parte
1323 4973 1526 5038 iussionibus
1551 4973 1809 5059 obsequendum,

98 5098 110 5134 s
161 5075 337 5158 presertim
371 5096 445 5139 cum
479 5077 670 5141 multotiens
705 5076 800 5140 nobis
833 5077 1041 5163 promiseris,
1078 5077 1165 5162 quod
1199 5099 1258 5164 pro
1294 5083 1383 5142 tanto
1415 5077 1503 5142 bono
1536 5075 1578 5140 ad
1611 5078 1810 5164 presentiam

161 5183 307 5241 nostram
329 5178 516 5262 accederes,
539 5181 809 5266 quandocumque
833 5202 852 5244 a
875 5181 968 5246 nobis
993 5183 1199 5268 contingeret
1222 5189 1255 5248 te
1279 5182 1400 5248 vocari.

269 5296 345 5362 Dat.
369 5298 522 5380 Viterbii,
545 5300 595 5365 VI
617 5301 691 5366 Kal.
715 5301 819 5387 April.
843 5323 928 5367 anuo
952 5303 1089 5368 decimo.

1191 5459 1538 5466 —-——--——--·-—-—-—
1553 5459 1597 5463 ---
1610 5459 1633 5464 .-
1646 5459 1677 5464 ,-
1695 5459 1704 5464 ,

265 5559 287 5624 ·)
305 5561 354 5610 sub
371 5563 509 5630 apostolico
526 5564 670 5616 obedientia
688 5565 715 5613 in
731 5581 822 5631 apogr.
842 5572 943 5624 rcoatro;
960 5565 994 5628 cs.
1008 5580 1037 5629 p.
1056 5567 1116 5626 475,
1133 5571 1185 5614 nol.
1204 5581 1229 5612 a.

264 5679 290 5750 1)
311 5679 353 5748 Cf.
371 5697 399 5734 n.
419 5683 481 5735 676.
551 5682 579 5748 2)
599 5683 709 5752 Anqua.
779 5683 806 5750 3)
826 5683 950 5736 Nicolao.
