4590 6366
445 393 508 457 546
1015 389 1062 443 EX
1081 389 1256 444 GREGORII
1274 391 1312 444 lX
1332 390 1514 448 REGISTRO

440 585 514 628 curn
537 565 719 630 litterarum
742 569 926 628 nostrarum
955 564 1091 644 series1,
1120 586 1180 650 per
1203 586 1283 649 quas
1311 565 1552 647 mandavimus,
1583 573 1618 631 ut
1647 583 1822 651 processus
1846 567 1962 627 eontra
1986 559 2105 624 huius-

442 665 531 732 modi
561 668 755 754 pestilentes
787 666 967 732 secundum
999 667 1136 731 formam
1161 669 1291 732 concilii
1317 670 1482 753 generalis
1507 677 1540 734 ot
1573 675 1696 734 statuta
1718 688 1824 753 nuper
1847 688 1865 730 a
1888 665 1988 729 nobis
2013 663 2107 728 edita

441 770 634 852 haberetur,
666 771 811 835 mandati
838 772 1137 854 transgressoribus
1169 774 1393 838 excusationis
1425 776 1615 863 suffragium
1639 795 1705 837 nou
1727 771 1892 857 acquirat,
1921 770 2005 855 quia
2027 789 2105 833 cum

440 880 517 958 poet
539 893 730 959 processum
754 873 901 938 habitum
923 874 1119 938 auctoritate
1143 876 1326 960 apostolica
1352 884 1465 941 contra
1488 879 1592 964 ipsos,
1616 877 1644 940 si
1668 875 1833 939 criminosi
1856 874 1910 939 vel
1933 875 2104 937 immunes

442 997 462 1039 a
487 977 615 1042 macula
638 978 781 1042 heretice
808 976 978 1063 pravitatis
1003 976 1194 1056 existerent,
1219 977 1370 1042 dubietas
1393 980 1587 1060 immineret,
1611 980 1651 1043 ad
1676 998 1815 1042 examen
1838 984 1988 1042 nostrum
2013 976 2107 1040 omni

442 1086 513 1144 erat
536 1082 710 1148 occasione
733 1081 918 1169 postposita
939 1080 1191 1165 properandum.
1235 1080 1304 1145 Nos
1337 1082 1451 1166 igitur,
1484 1085 1545 1148 etsi
1573 1083 1732 1147 hactenus
1756 1082 1819 1144 ista
1841 1079 2104 1144 dissimulationi

442 1182 639 1265 dederimus,
663 1205 763 1270 super
785 1183 911 1248 eisdem
928 1191 1037 1247 tamen
1060 1183 1094 1245 in
1117 1191 1296 1268 posterum,
1319 1193 1416 1269 prout
1432 1186 1588 1271 expedire
1610 1185 1799 1264 viderimus,
1823 1189 1933 1247 actore
1954 1181 2106 1247 Domino

442 1286 669 1373 procedemus.
715 1288 852 1352 Interim
876 1293 985 1350 autem
1008 1286 1158 1351 homines
1181 1288 1336 1366 miseros,
1360 1289 1415 1373 qui
1438 1288 1650 1352 humanitatis
1675 1288 1795 1353 affeetu
1819 1292 1852 1350 et
1874 1285 2106 1350 miserationis

443 1391 564 1455 effectu
587 1391 745 1456 christum
775 1389 944 1478 perdendo
967 1389 1102 1454 Domini
1129 1412 1164 1455 se
1196 1390 1408 1455 reddiderunt
1438 1392 1632 1455 omnimodis
1661 1391 1802 1468 alienos,
1834 1389 1905 1452 sine
1935 1387 2107 1472 condigna

442 1494 593 1558 nolentes
616 1495 803 1581 provisione
826 1495 1007 1573 remittere,
1030 1495 1232 1580 presentium
1249 1495 1342 1559 vobis
1359 1497 1554 1559 auctoritate
1572 1495 1814 1572 committimus,
1836 1499 1872 1557 ut
1895 1493 1986 1556 circa
2009 1491 2107 1576 ipsos

443 1595 551 1660 Deum
580 1597 740 1662 habentes
770 1618 827 1683 pre
860 1597 963 1661 oculis
995 1598 1086 1661 iuxta
1112 1598 1266 1676 formam,
1299 1619 1396 1682 quam
1419 1599 1512 1663 vobis
1542 1599 1601 1662 sub
1629 1597 1719 1662 bulla
1750 1603 1862 1661 nostra
1884 1594 2107 1659 interclusam

445 1698 636 1780 mittimus²,
660 1701 854 1765 auctoritate
878 1707 992 1765 nostra
1015 1701 1104 1764 omni
1137 1701 1393 1766 contradictione
1426 1713 1459 1766 et
1490 1702 1710 1788 appellatione
1742 1698 1948 1764 cessantibus
1983 1718 2107 1784 proce-

444 1800 540 1882 datis,
563 1808 734 1888 presentes
757 1803 918 1888 inprime
943 1804 1105 1888 colloquio
1130 1805 1287 1888 generali,
1311 1805 1343 1868 in
1368 1826 1430 1889 quo
1455 1805 1642 1868 carissimus
1666 1804 1699 1866 in
1724 1801 1852 1865 Christo
1875 1801 1963 1864 filius
1989 1807 2109 1863 noster

443 1904 649 1984 Fridericus,
677 1904 899 1969 Romanorum
923 1905 1100 1991 imperator
1123 1913 1201 1987 ete,
1233 1928 1271 1971 ac
1294 1907 1375 1971 alios
1399 1907 1564 1993 principes
1589 1905 1832 1970 ecclesiasticos
1856 1910 1889 1967 et
1917 1900 2109 1966 mundanos

444 2006 562 2072 adesse
586 2008 770 2092 contigerit,
793 2008 953 2093 publicari
976 2015 1010 2073 et
1033 2011 1155 2095 exponi
1174 2011 1400 2096 sollempniter
1422 2010 1592 2096 facientes.
1638 2007 1733 2081 Quod
1757 2008 1872 2071 sinon
1895 2028 2014 2070 omnes
2039 2013 2106 2071 eto.

553 2128 630 2194 Dat.
653 2129 793 2212 Perusii,
816 2129 884 2195 VII
905 2129 981 2197 Kal.
1004 2130 1159 2216 Augusti,
1183 2153 1269 2197 auno
1292 2153 1389 2197 nono.

1250 2333 1296 2399 11.

1182 2459 1365 2533 Eisdem.

506 2611 508 2616 ’
555 2606 637 2672 Cum
673 2609 901 2674 interfectores
931 2609 1017 2674 bono
1048 2609 1205 2672 memorie
1235 2610 1382 2693 magistri
1414 2608 1556 2673 Conradi
1591 2610 1631 2674 do
1663 2610 1854 2690 llarburch,
1884 2610 2109 2697 predicatoris

446 2709 539 2773 verbi
561 2707 645 2791 Dei,
669 2711 709 2774 ad
734 2712 847 2776 sedem
869 2713 1082 2798 apostolicam
1105 2712 1339 2793 accessissent,
1364 2713 1434 2776 eius
1458 2712 1716 2776 misericordiam
1740 2719 1774 2778 et
1798 2715 1913 2778 salutis
1938 2735 1998 2778 sue
2024 2735 2107 2779 con·

447 2812 557 2876 silium
590 2815 822 2900 implorantes,
855 2835 914 2878 nos
949 2815 996 2879 eis
1030 2814 1247 2892 iniunximus,
1282 2821 1318 2878 ut
1351 2815 1385 2878 in
1419 2815 1601 2880 subsidium
1637 2823 1806 2880 transeant
1833 2816 1935 2881 Terre
1966 2816 2107 2884 Sancte.
2162 2871 2173 2883 .

449 2914 609 2989 Quocirca
637 2919 839 3002 presentium
862 2917 955 2981 vobis
979 2919 1174 2982 auctoritate
1207 2918 1416 3000 mandamus,
1452 2921 1606 3005 quatinus
1641 2927 1716 3007 post
1751 2927 1917 3006 receptam
1948 2921 1989 2984 ab
2021 2920 2108 3007 ipsis

449 3017 665 3084 sufficientem
695 3027 729 3084 et
756 3014 908 3086 idoneam
931 3023 1133 3102 cautionem,
1152 3019 1249 3106 ¹quod
1280 3023 1314 3086 iu
1343 3024 1495 3109 passagio
1519 3023 1630 3088 Martii
1658 3023 1807 3110 proximo
1837 3023 1938 3088 futuri
1960 3023 2015 3087 vel
2039 3023 2108 3088 alio

448 3121 599 3207 proximo
623 3124 773 3209 sequenti
799 3124 841 3189 ad
868 3131 979 3211 partes
1011 3147 1046 3190 se
1077 3126 1274 3190 transferant
1297 3128 1549 3208 transmarinas,
1578 3129 1612 3192 in
1636 3127 1759 3191 Christi
1788 3127 1920 3191 servitio
1944 3128 2109 3191 moraturi

448 3245 510 3289 nec
544 3228 707 3292 reversuri
741 3228 860 3294 exinde
895 3230 965 3294 siue
999 3229 1134 3294 lieentia
1169 3228 1256 3293 sedis
1292 3232 1472 3316 apostolice
1505 3232 1655 3318 speciali,
1692 3253 1766 3296 curn
1798 3253 1910 3295 eorum
1942 3252 2107 3296 excessus

448 3331 566 3415 plenus
589 3331 689 3395 fuerit
711 3333 879 3418 impietate
904 3332 1019 3417 flagitii
1043 3339 1076 3396 et
1097 3333 1309 3398 immanitatis
1333 3334 1485 3416 horrore,
1516 3343 1551 3399 et
1579 3336 1641 3421 ipsi
1663 3335 1912 3421 flagitiosissimi
1936 3340 1970 3398 et
1992 3334 2105 3398 seele-

449 3433 606 3498 ratissimi
628 3434 790 3500 homicide
813 3436 847 3500 in
870 3433 990 3499 acerba
1014 3440 1047 3497 et
1077 3455 1155 3498 seva
1178 3456 1259 3500 nece
1283 3436 1424 3501 hominis
1448 3438 1633 3502 innocentis
1657 3447 1770 3503 contra
1793 3461 1828 3503 se
1852 3437 2109 3524 provocaverint

449 3538 555 3601 celum
580 3544 614 3602 et
644 3546 764 3604 terram
788 3547 821 3604 et
849 3539 1043 3624 gravissime
1072 3537 1269 3603 offenderint
1302 3561 1367 3603 nou
1398 3541 1503 3605 solum
1526 3541 1707 3606 Romanam
1734 3564 1846 3608 verum
1876 3542 1974 3606 etiam
2005 3542 2108 3605 nimis

450 3640 720 3708 exacerbaverint
747 3644 921 3708 ecclesiam
950 3641 1158 3727 generalem,
1189 3641 1349 3706 mandetis
1380 3643 1503 3708 eisdem
1531 3645 1616 3709 iuter
1645 3646 1709 3709 alia
1738 3645 1799 3709 sub
1830 3645 1940 3708 debito
1972 3643 2109 3729 prestiti

449 3742 639 3825 iuramenti,
669 3752 706 3810 ut
728 3768 788 3833 per
810 3768 923 3811 omnes
946 3745 1086 3810 maiores
1112 3746 1269 3812 eeclesias
1293 3748 1436 3832 regionis
1460 3748 1567 3827 illius,
1595 3749 1652 3812 ubi
1676 3757 1741 3812 tam
1765 3747 1951 3814 execrabile
1974 3747 2107 3812 facinus

450 3855 691 3934 commiserunt,
715 3854 743 3917 si
767 3871 880 3914 securo
903 3854 1066 3936 poterunt,
1090 3849 1208 3913 vadant
1229 3849 1307 3912 nudi
1333 3856 1365 3914 et
1388 3850 1581 3930 discalciati,
1605 3852 1735 3916 brachis
1759 3852 1928 3916 dumtaxat
1951 3851 2105 3931 retentis,

449 3958 526 4022 fune
550 3958 603 4022 vel
630 3956 770 4040 corrigia
792 3953 834 4017 ad
857 3953 975 4017 collum
998 3953 1110 4036 ligata,
1134 3953 1242 4037 virgas
1265 3954 1299 4016 in
1322 3954 1472 4018 manibus
1490 3955 1689 4028 deferentes,
1713 3962 1747 4020 et
1769 3956 1810 4020 ab
1835 3954 1985 4018 omnibus
2009 3975 2107 4038 pres-

449 4061 573 4145 byteris
601 4060 730 4124 illarum
764 4058 978 4122 ecelesiarum
1006 4056 1167 4143 psalmum
1196 4057 1443 4141 penitentialem
1473 4057 1655 4123 dicentibus
1689 4065 1765 4123 ante
1799 4059 1886 4122 fores
1913 4055 2107 4136 earundem,

450 4163 580 4249 quando
603 4162 706 4226 maior
728 4161 834 4226 aderit
856 4161 971 4246 populi
994 4158 1184 4238 multitude,
1213 4181 1248 4224 se
1276 4160 1398 4224 faciant
1419 4162 1602 4242 verberari,
1632 4184 1727 4226 suum
1757 4160 1887 4249 publice
1918 4159 2106 4224 confitendo

450 4275 588 4332 reatum.
632 4265 707 4330 Hiis
731 4264 862 4350 quidem
885 4263 1027 4349 peractis
1044 4262 1260 4326 absolutionis
1276 4262 1473 4328 beneficium
1490 4265 1686 4350 impendatis
1704 4263 1838 4346 eisdem,
1862 4284 1928 4327 non
1950 4262 2105 4328 obstante

451 4369 538 4454 quod
566 4368 708 4433 absoluti
732 4368 834 4431 fuisse
858 4365 899 4430 ab
923 4365 987 4428 alio
1012 4365 1212 4445 referuntur,
1236 4367 1408 4450 presertim
1432 4389 1504 4431 cum
1528 4389 1587 4453 pro
1611 4375 1701 4432 tante
1724 4368 1934 4432 immanitatis
1959 4388 2103 4431 excessu

451 4473 578 4538 absolvi
601 4471 809 4555 nequiverint
832 4469 956 4554 absque
972 4468 1125 4533 mandato
1150 4469 1236 4533 sedis
1253 4471 1435 4555 apostolice
1459 4472 1605 4556 speciali.
1649 4471 1808 4536 Preterea
1831 4471 1859 4534 si
1881 4471 1939 4550 illi,
1963 4491 2104 4555 quorum

452 4598 531 4663 ope,
566 4574 703 4640 oonsilio
737 4575 790 4638 vel
824 4595 961 4638 assensu
998 4579 1123 4636 tanturn
1152 4572 1278 4636 facinus
1313 4580 1364 4637 est
1398 4575 1626 4654 commissum,
1663 4573 1704 4638 ad
1737 4573 1925 4638 mandatum
1954 4581 2104 4637 vestrum

451 4679 623 4758 redierint,
655 4699 713 4763 pro
744 4683 833 4742 tanto
862 4697 1001 4740 excessu
1031 4672 1290 4739 satisfactionem
1320 4675 1515 4761 condignam
1544 4677 1711 4740 humiliter
1738 4677 1937 4763 impensuri,
1969 4697 2026 4741 eos
2059 4675 2102 4740 ad

451 4782 667 4847 absolutionis
699 4781 836 4866 gratiam
865 4779 1054 4843 admittatis.
1099 4777 1255 4862 Alioquin
1284 4780 1463 4844 sceleratos
1496 4780 1682 4844 huiusmodi
1713 4786 1746 4845 et
1775 4780 1939 4865 predictos
1968 4779 2103 4866 publice

451 4886 595 4951 candelis
619 4885 766 4949 accensis
789 4883 947 4947 nuntietis
971 4881 1318 4945 excommunicationis
1342 4883 1503 4947 sententie
1528 4881 1709 4961 subiacere,
1732 4904 1797 4946 non
1820 4883 1884 4946 nisi
1906 4904 1965 4968 per
1987 4881 2101 4947 sedem

452 4991 664 5078 apostolicam
688 4986 923 5066 absolvendos,
952 4992 986 5050 et
1015 4985 1087 5048 loca
1109 4983 1150 5047 ad
1180 5006 1241 5068 que
1265 4984 1477 5066 devenerint,
1512 4987 1665 5071 quamdiu
1693 4986 1738 5050 ibi
1765 4986 1899 5066 fuerint,
1931 4987 2105 5072 supposita

452 5094 636 5160 interdicto.
689 5092 783 5166 Quod
820 5095 848 5156 si
882 5092 996 5155 horum
1031 5089 1131 5174 aliqui
1165 5110 1225 5175 per
1256 5090 1356 5153 alium
1384 5090 1554 5154 extiterint
1580 5091 1613 5154 iu
1642 5089 1755 5154 mortis
1782 5089 1919 5153 articulo
1949 5089 2104 5172 absoluti,

453 5204 587 5262 careant
617 5203 739 5278 tamen,
773 5199 801 5261 si
832 5194 1049 5274 decesserint,
1078 5192 1303 5256 ecclesiastica
1332 5194 1514 5278 sepultura,
1548 5199 1581 5257 et
1604 5193 1631 5256 si
1654 5193 1766 5256 forsan
1788 5198 1863 5276 post
1886 5192 2103 5258 absolutionis

452 5300 649 5365 beneficium
672 5300 816 5364 restituti
839 5299 961 5363 fuerint
983 5296 1124 5374 sanitati,
1148 5295 1213 5359 nisi
1236 5296 1347 5359 statim
1369 5296 1558 5381 apostolicis
1581 5295 1743 5359 mandatis
1766 5315 1883 5380 parere
1907 5293 2103 5376 studuerint,

452 5402 641 5468 relabantur
667 5404 700 5467 in
727 5403 898 5489 pristinam
928 5399 1125 5464 sententiam
1153 5399 1225 5484 ipso
1257 5399 1338 5464 iure.
1383 5398 1537 5466 Ceterum
1566 5405 1632 5462 tam
1657 5420 1713 5463 eos
1737 5419 1834 5483 quam
1860 5397 2101 5465 descendentes
2156 5429 2183 5469 ss

557 5661 584 5730 1)
605 5660 646 5730 Os.
663 5679 689 5716 a.
711 5663 776 5728 558,
794 5663 851 5714 560
867 5665 892 5715 ct
911 5662 971 5714 561.
1040 5659 1067 5727 2)
1085 5657 1148 5712 Scit.
1166 5657 1309 5726 epistolum
1327 5663 1488 5726 sequester.
