4448 6420
495 402 555 462 154
1079 391 1127 446 EX
1145 389 1303 445 HONORII
1320 391 1360 444 lll
1378 389 1558 446 Raamrao

492 571 700 636 necessitatis
736 567 872 633 articulo
901 565 1069 630 crucifixo!
1116 563 1144 628 O
1179 583 1275 648 quam
1307 563 1478 649 magnifice
1515 563 1556 628 ad
1592 582 1781 627 succursum
1814 561 1935 626 devota
1964 560 2073 626 Gallia
2106 582 2140 626 se

493 681 638 762 pararet,
665 681 702 739 ut
724 671 864 738 mittenti
887 671 1034 756 placeret
1056 675 1089 732 et
1112 668 1226 732 misso!
1271 668 1369 732 Absit
1391 675 1428 732 ut
1450 675 1525 754 post
1548 675 1641 752 terga
1663 670 1847 745 remaneat,
1878 685 1942 750 que
1965 664 2141 752 precedere

493 778 673 843 consucvit.
717 777 816 842 Absit
846 783 883 840 ut
913 782 979 839 tam
1009 773 1145 838 salutari
1168 771 1289 836 Christi
1319 773 1452 837 servitio
1482 794 1564 858 gens
1591 779 1659 836 tam
1683 769 1869 834 Christiana
1903 789 1939 834 se
1963 769 2141 834 subtrahat.

492 883 591 948 Absit
612 888 658 963 ut,
682 903 745 966 que
768 901 826 967 pro
849 879 991 944 Domino
1014 877 1173 942 hactenus
1197 897 1297 940 onera
1320 877 1423 941 multa
1445 877 1617 956 sustinuit,
1648 876 1681 938 in
1704 874 1863 960 peculiari
1885 873 1974 937 bello
1998 873 2063 938 Dei
2085 875 2142 938 filii

494 987 600 1050 solvat
622 985 738 1049 militie
762 983 944 1067 cingulum,
968 1001 1058 1045 arma
1081 981 1244 1065 relinquat
1266 979 1422 1064 rubigini,
1453 981 1595 1044 animum
1619 984 1719 1063 neget
1741 977 1893 1056 victorie,
1925 997 2001 1040 cum
2024 998 2142 1042 corona

493 1113 557 1155 non
581 1089 667 1154 desit
689 1087 870 1152 victoribus
894 1086 1114 1172 pergratiam
1138 1091 1171 1148 et
1193 1085 1345 1149 meritum
1369 1085 1402 1148 in
1425 1084 1586 1170 presenti,
1615 1103 1674 1168 per
1704 1081 1842 1166 gloriam
1872 1087 1906 1144 et
1927 1083 2090 1167 premium
2111 1082 2143 1146 in

494 1195 616 1259 futuro.
660 1192 748 1256 Hinc
772 1198 823 1256 est
846 1189 932 1274 quod
955 1188 1187 1254 excellentiam
1210 1194 1298 1252 tuam
1322 1187 1502 1252 affectuosa
1526 1206 1695 1270 rogamus,
1720 1184 1929 1249 serenissime
1955 1207 2089 1270 regum,
2112 1191 2144 1250 ct

495 1319 515 1361 a
537 1304 570 1362 te
592 1299 752 1362 instanter
774 1291 1257 1380 poscimus,-Christianissime
1280 1292 1473 1377 principum,
1498 1290 1709 1354 obsecrantes
1732 1309 1791 1374 per
1813 1289 1945 1354 Patrem
1969 1297 2003 1356 et
2025 1290 2143 1354 Filium

497 1407 530 1466 et
554 1401 713 1486 Spiritum
737 1405 900 1476 sanctum,
934 1417 993 1482 per
1027 1395 1220 1480 sanguinem
1242 1395 1321 1458 Iesu
1345 1393 1482 1474 Christi,
1513 1400 1549 1458 ut
1580 1413 1721 1476 exurgas
1749 1391 1783 1455 in
1806 1392 2002 1458 adiutorium
2026 1393 2144 1458 Christi

495 1505 552 1584 tui,
577 1504 632 1588 qui
656 1499 893 1587 quodammodo
918 1501 950 1564 in
975 1522 1010 1564 se
1033 1498 1189 1585 prodigus
1214 1505 1247 1562 ct
1269 1519 1384 1584 parcus
1413 1499 1446 1562 in
1475 1499 1593 1576 servis,
1624 1496 1797 1582 temporali
1819 1497 1916 1560 morti
1940 1518 1976 1560 se
2000 1497 2142 1576 tradidit,

494 1612 532 1670 ut
553 1613 586 1670 te
610 1627 630 1669 a
652 1604 801 1668 faucibus
824 1603 938 1666 mortis
961 1603 1103 1688 eriperet
1127 1602 1335 1687 sempiterno.
1381 1601 1532 1685 Exurgas
1557 1608 1589 1664 ct
1612 1601 1733 1664 liberes
1758 1604 1877 1663 terram
1901 1601 2002 1681 illam,
2026 1602 2059 1665 in
2083 1623 2145 1686 qua

495 1709 635 1773 salutem
647 1707 781 1772 humani
797 1708 927 1791 generis
943 1714 1096 1792 operatus
1114 1711 1165 1770 est
1180 1705 1397 1791 personaliter
1414 1706 1484 1790 ipse
1499 1703 1658 1768 Salvator.
1693 1703 1846 1788 Euorgas
1862 1703 1903 1767 ad
1917 1705 2145 1769 contritionem

497 1811 638 1877 nationis
661 1831 760 1897 prave
783 1816 880 1894 atque
901 1830 1066 1894 perverse,
1097 1831 1170 1894 que,
1193 1808 1249 1873 uhi
1273 1809 1315 1871 sit
1338 1808 1429 1872 Deus
1456 1808 1724 1884 Christianorum,
1748 1807 1958 1894 improperat,
1981 1815 2015 1872 et
2036 1810 2145 1872 multis

498 1917 634 1980 insultat
657 1914 843 2000 obprobriis
867 1914 990 1977 nomini
1014 1913 1210 1977 Christiano.
1256 1911 1299 1976 Et
1327 1911 1459 1996 quidem
1488 1913 1596 1976 illatas
1621 1910 1761 1974 subditis
1784 1912 1848 1975 tuis
1873 1913 2017 1978 offensas
2047 1914 2144 1978 ulcis-

496 2020 592 2100 ceris,
616 2024 651 2083 et
672 2016 738 2082 Dei
761 2017 808 2080 tui
832 2037 897 2081 non
920 2016 1101 2081 vindicabis
1129 2016 1263 2080 iniurias
1287 2022 1353 2078 tam
1377 2021 1528 2080 atroces?
1575 2013 1627 2078 Ad
1649 2012 1851 2080 hereditates
1878 2023 2008 2080 tuorum
2031 2039 2144 2082 manus

497 2125 684 2188 invasorum
708 2120 843 2186 extendi
864 2141 930 2183 non
952 2121 1086 2206 pateris,
1110 2128 1143 2183 et
1173 2119 1309 2205 patieris
1332 2119 1525 2183 hereditatis
1547 2118 1721 2184 Dominice
1749 2123 1839 2182 tanto
1862 2125 2010 2205 tempore
2034 2120 2147 2186 deten-

496 2231 605 2290 tores?
650 2224 702 2289 Ne
724 2223 825 2308 igitur
847 2223 881 2288 in
903 2223 975 2288 Deo
999 2223 1182 2310 periculose
1206 2223 1408 2303 dissimules,
1441 2222 1527 2309 quod
1553 2223 1639 2287 iuste
1669 2243 1734 2286 non
1762 2222 1920 2286 tolerares
1950 2225 1983 2286 in
2005 2224 2146 2304 homine,

497 2335 621 2416 pungat
643 2349 698 2393 cor
729 2333 819 2392 tuum
846 2328 894 2391 tui
917 2327 1114 2391 contumelia
1137 2327 1319 2408 Creatoris,
1348 2326 1507 2391 accendat
1535 2332 1567 2390 te
1597 2327 1687 2389 zelus
1710 2324 1787 2390 fidei
1811 2324 2014 2406 Christiane,
2043 2334 2081 2392 ut
2102 2329 2147 2392 sic

495 2434 529 2497 in
552 2432 629 2497 forti
651 2452 750 2495 manu
774 2436 806 2495 ct
830 2437 964 2496 extento
988 2430 1122 2495 brachio
1146 2439 1232 2494 terre
1247 2437 1426 2508 memorate
1444 2430 1631 2509 subvenias,
1654 2429 1741 2514 quod
1766 2429 1928 2495 insinuato
1951 2431 2046 2496 nobis
2070 2432 2146 2496 sub-

495 2535 658 2600 ventionis
685 2540 741 2599 tue
772 2534 940 2619 proposito
968 2542 1043 2598 ante
1072 2534 1190 2599 faciem
1221 2535 1359 2599 aliorum
1390 2540 1422 2597 te
1446 2533 1610 2597 fructuose
1638 2553 1799 2618 ponamus
1828 2535 1998 2619 exemplar
2024 2536 2058 2598 in
2082 2536 2145 2599 tuis
2191 2551 2195 2580 ²

495 2638 647 2704 laudibus
670 2637 859 2722 gloriantes,
882 2636 1007 2721 tibique
1030 2641 1195 2700 accrescat
1216 2637 1364 2701 cumulus
1386 2636 1577 2700 meritorum
1600 2656 1666 2699 non
1688 2635 1791 2699 solum
1815 2657 1857 2700 ex
1879 2636 1919 2700 iis
1943 2658 2007 2721 quc
2029 2637 2147 2702 feceris

496 2763 556 2828 per
579 2748 611 2806 te
634 2741 752 2826 ipsum,
776 2738 902 2804 sodex
924 2740 998 2803 aliis
1023 2740 1122 2803 ctiam
1146 2761 1209 2824 quo
1232 2740 1310 2803 facti
1334 2740 1382 2803 tui
1406 2738 1618 2803 similitudine
1643 2739 1893 2822 subsequantur.

603 2859 679 2926 Dat.
702 2859 856 2924 Lateran.

605 2980 769 3066 Scriptum
794 2981 826 3045 in
846 2979 985 3045 eundem
1009 2979 1140 3044 modum
1165 2982 1234 3066 regi
1249 2981 1406 3066 Ungaria.
1446 2982 1556 3046 Iustus
1575 2980 1736 3045 Dominus
1755 2985 1817 3045 etc.
1836 3001 1958 3065 usquc:
1983 2979 2147 3045 desiderat

496 3085 600 3151 Terra
622 3083 752 3149 Sancta.
798 3083 827 3147 Ο
851 3089 1006 3168 quantum
1029 3106 1147 3168 usquc:
1171 3083 1212 3147 od
1236 3106 1426 3149 succursum
1448 3085 1597 3169 Ungaria
1618 3083 1759 3148 inimicis
1787 3083 1892 3147 crucis
1920 3083 2080 3148 terribilis
2113 3105 2146 3148 se

497 3193 641 3274 pararet,
670 3208 789 3273 usque:
818 3188 930 3252 misso.
976 3185 1074 3252 Absit
1104 3195 1140 3251 ut
1169 3188 1201 3251 in
1225 3189 1383 3273 peculiari
1406 3189 1494 3253 bello
1518 3186 1582 3252 Dei
1605 3188 1664 3251 lilii
1687 3207 1768 3272 gens
1791 3187 1852 3251 tibi
1875 3187 2023 3252 subiecta
2046 3187 2149 3252 solvat

497 3311 618 3377 usque:
642 3290 761 3355 futuro.
806 3290 894 3355 Hinc
918 3297 969 3356 est
993 3290 1079 3376 quod
1103 3292 1334 3356 excellentiam
1358 3300 1447 3356 tuam
1464 3293 1644 3356 affectuose
1659 3311 1812 3376 rogamus
1836 3296 1869 3354 et
1892 3311 1911 3354 a
1933 3296 1967 3355 tc
1990 3292 2150 3355 instanter

504 3395 723 3480 exposcimus,
747 3393 959 3459 obsecrantes
983 3400 1044 3458 etc.
1067 3415 1170 3479 usque
1193 3394 1227 3458 in
1250 3394 1358 3459 finem.

607 3513 646 3578 In
684 3513 823 3579 eundem
862 3513 993 3579 modum
1037 3515 1111 3578 aliis
1157 3513 1289 3598 regibus
1334 3513 1528 3600 quibusdam
1565 3514 1673 3579 verbis
1718 3513 1880 3579 mutandis
1926 3521 2150 3602 competenter

496 3618 641 3683 mutatis.

606 3786 639 3803 ..
663 3738 782 3802 illustri
806 3738 876 3822 regi
893 3736 1107 3823 Anglorum¹.
1140 3739 1252 3802 Iustus
1276 3738 1437 3803 Dominus
1467 3746 1528 3803 etc.
1557 3759 1681 3823 usquc:
1707 3736 1872 3802 desiderat
1894 3738 1998 3804 Terra
2021 3737 2149 3802 Sancta.

500 3841 611 3907 Sensit
634 3841 730 3920 enim,
760 3841 844 3925 quis,
877 3840 981 3926 qualis
1005 3849 1039 3906 et
1062 3848 1200 3926 quantus
1225 3843 1255 3907 ei
1278 3843 1378 3906 fuerit
1401 3842 1536 3906 illustris
1560 3840 1716 3906 memorie
1746 3863 1805 3904 rex
1827 3840 2028 3922 Riocardus,
2059 3841 2148 3905 cuius

496 3966 616 4010 nomen
639 3944 686 4008 sic
716 3944 930 4008 interrorem
960 3943 1103 4008 hostium
1132 3944 1209 4009 fidei
1238 3951 1404 4026 creverat,
1435 3943 1519 4028 quod
1551 3943 1746 4009 exclamatio
1776 3945 1847 4008 eius
1878 3945 1912 4010 in
1940 3945 2047 4031 prelio
2070 3965 2150 4008 uon·

496 4069 672 4133 numquam
696 4046 881 4111 sufficiebat
902 4046 943 4110 ad
966 4053 1119 4132 stragem.
1165 4047 1209 4112 Et
1233 4048 1316 4112 forto
1343 4069 1407 4112 non
1432 4047 1542 4126 deest,
1570 4045 1655 4131 quod
1678 4046 1791 4112 hostes
1815 4046 1920 4112 adhuc
1943 4048 1977 4112 in
2000 4048 2146 4130 proximo

497 4151 665 4236 sanguinis
695 4155 858 4226 metuant,
893 4148 1067 4213 dummodo
1096 4159 1246 4234 resurgat
1274 4152 1382 4237 patrui
1412 4150 1551 4214 dextera
1586 4150 1618 4213 in
1654 4157 1785 4236 nepote.
1830 4149 1917 4214 Illud
1950 4152 2050 4215 etiam
2083 4171 2146 4215 non

498 4255 651 4318 duximus
675 4251 907 4332 omittendum,
931 4252 1017 4337 quod
1041 4273 1113 4316 cum
1137 4254 1171 4316 in
1194 4253 1345 4318 thronum
1369 4255 1462 4340 regni
1486 4254 1712 4338 cmcesignato
1736 4255 1950 4332 successeris,
1982 4253 2092 4329 decet,
2114 4260 2149 4318 ut

497 4365 531 4424 et
553 4359 588 4420 in
611 4357 717 4421 crucis
742 4355 937 4440 obsequium
961 4363 993 4420 te
1017 4357 1161 4421 votivum
1185 4357 1343 4423 exhibeas
1368 4380 1606 4438 successorem,
1631 4358 1707 4442 quia
1730 4358 1759 4421 si
1781 4357 1883 4443 patris
1906 4356 2019 4422 debita
2041 4357 2147 4441 legiti-

497 4484 569 4527 mus
603 4461 701 4524 heres
738 4460 890 4539 exolves,
930 4458 1066 4544 expedit
1103 4481 1169 4523 non
1203 4461 1311 4525 minus
1346 4462 1462 4526 celesti
1501 4483 1597 4546 quam
1631 4466 1762 4525 terreno
1799 4460 1954 4524 satisfieri
1986 4459 2147 4536 creditori,

499 4563 674 4650 presertim
699 4582 771 4626 cum
795 4560 886 4625 lavor
909 4562 1014 4625 crucis
1031 4582 1173 4647 persone
1196 4569 1251 4627 tue
1273 4585 1333 4650 per
1346 4562 1411 4628 Dei
1434 4563 1568 4648 gratiam
1594 4563 1673 4627 satis
1696 4562 1794 4627 fuerit
1809 4562 2005 4628 fructuosus.
2053 4561 2146 4626 Certo

497 4666 594 4730 adid
624 4686 704 4750 gens
736 4663 796 4728 tibi
825 4663 974 4728 subiecta
1003 4665 1109 4750 plenis
1138 4665 1312 4730 desideriis
1337 4674 1369 4730 et
1392 4667 1469 4730 totis
1493 4666 1617 4730 viribus
1642 4665 1738 4729 debet
1760 4685 1954 4749 assurgere,
1986 4665 2146 4750 quianon

501 4771 571 4834 sine
595 4774 673 4832 nota
697 4767 730 4830 in
753 4768 912 4852 peculiari
934 4768 1022 4832 bello
1045 4766 1109 4833 Dei
1133 4769 1190 4833 lilii
1215 4776 1277 4833 etc.
1301 4791 1422 4855 usque:
1451 4771 1485 4834 in
1508 4770 1626 4834 futuro.
1671 4768 1758 4833 Hinc
1783 4773 1846 4848 est,
1871 4767 1958 4852 quod
1982 4768 2146 4832 excellen-

497 4874 577 4937 tiam
600 4877 689 4934 tuam
712 4871 891 4934 affectuose
914 4890 1078 4954 rogamus,
1103 4871 1315 4936 obsecrantes
1339 4878 1400 4937 etc.
1424 4893 1528 4956 usque
1551 4873 1585 4936 in
1608 4871 1739 4936 finem².

605 4989 770 5077 Scriptum
794 4996 844 5054 est
866 4989 1027 5054 universis
1047 4990 1168 5055 Christi
1186 4991 1338 5057 fidelibus
1357 5013 1417 5078 per
1432 4991 1719 5056 Tarantasiensem
1735 4990 1938 5077 provinciam
1954 4990 2148 5054 constitutis.

496 5095 607 5160 Iustus
636 5093 799 5159 Dominus
832 5098 894 5156 eto.
929 5115 1050 5178 usque:
1086 5094 1127 5158 ad
1158 5095 1208 5159 sui
1244 5095 1517 5160 restaurationem
1550 5095 1690 5180 negotii;
1724 5115 1857 5179 regum,
1894 5093 2077 5182 principum
2109 5117 2147 5158 aa

495 5200 634 5263 aliorum
657 5196 756 5262 corda
778 5196 849 5282 ipsc
873 5197 990 5260 summi
1013 5197 1101 5282 regis
1124 5198 1210 5261 lilius
1234 5206 1295 5263 etc.
1318 5220 1439 5284 usque:
1464 5203 1685 5292 conversatus.
1725 5197 1811 5262 Saue
1835 5197 1910 5282 quia
1934 5203 2062 5283 tempus
2086 5205 2144 5274 est,

496 5306 532 5364 ut
555 5301 688 5364 tollatur
709 5300 767 5364 illa
789 5298 953 5378 confusio,
981 5321 1045 5385 qua
1068 5300 1126 5364 filii
1150 5301 1266 5365 ancille
1290 5302 1448 5366 insultant
1472 5303 1504 5365 iu
1528 5303 1613 5366 lilios
1636 5301 1756 5380 libere,
1787 5305 1910 5364 terram
1934 5302 2039 5365 nostri
2059 5301 2143 5387 prin-

599 5593 625 5660 1)
644 5590 767 5646 ilenrico
786 5592 844 5644 ΙΙΙ.
914 5593 942 5659 2)
958 5591 1062 5646 Datum
1082 5592 1209 5649 Laterum.
1227 5594 1252 5647 V
1270 5593 1332 5648 Kal.
1350 5592 1427 5656 Maii,
1445 5593 1624 5662 pontificatus
1642 5593 1730 5648 nostri
1748 5611 1822 5650 anno
1841 5594 1975 5674 septimo,
1993 5600 2024 5650 na
2040 5590 2137 5668 &pinus

494 5677 524 5731 in
541 5678 717 5749 autographo
735 5694 781 5747 ap.
800 5677 912 5748 Rymcr,
931 5677 1066 5747 Foedera,
1084 5684 1102 5733 t.
1121 5683 1145 5746 I,
1168 5699 1189 5746 1,
1207 5697 1237 5754 p.
1257 5685 1298 5740 91.
