4448 6420
431 399 491 463 172
840 355 842 360 ¹
1015 391 1063 450 nx
1081 391 1238 452 000000
1255 393 1296 449 m
1313 390 1493 451 ssersrno
1545 315 1549 352 Ι

428 573 529 637 maes
536 570 771 652 praedicatores
792 569 827 633 in
843 569 992 650 partibas
1006 569 1233 647 Alamanniae,
1246 567 1406 634 Franciae
1428 573 1458 634 ct
1472 569 1609 652 Anpliac
1628 573 1725 652 apant
1733 593 1745 650 ;
1765 573 1895 636 nuntiat
1917 592 1949 638 sc
1971 572 2082 636 tabere

427 677 463 741 in
480 675 641 756 proposito
662 673 810 739 lacobmn
832 672 1014 738 Paetensem
1048 674 1222 754 episcopam
1242 673 1395 737 Amorem
1424 672 1659 753 destinandam,
1690 678 1726 737 nt
1752 693 1934 740 consensum
1955 675 2082 757 [marae

427 779 578 842 consortis
603 776 744 858 recipiat.
796 775 882 840 Petit
911 777 1022 858 ipitar,
1051 780 1087 840 nt
1118 775 1162 840 ad
1186 775 1430 856 promovendam
1462 777 1617 858 negotium
1646 778 1747 841 enan
1775 778 1905 844 11100000
1931 797 2081 859 personas

427 881 541 962 dempct
555 878 770 960 praestandae
791 878 1004 961 indnlpentiao
1026 881 1209 944 anctoritate
1230 880 1379 958 manitas,
1401 882 1431 943 et
1452 879 1586 962 lepatnm
1607 880 1770 960 specialem
1787 901 1847 960 pro
1868 885 1977 965 trenpa
2000 883 2082 947 inter

427 983 627 1048 Francorum
648 987 677 1046 et
698 982 876 1065 Anplornm
896 1001 983 1064 repes
1005 982 1172 1047 tractanda
1194 981 1334 1049 destinet.
1723 985 1816 1061 1224,
1838 981 1942 1048 Mart.
1967 987 1995 1052 5.
2132 1007 2143 1044 s

533 1101 608 1156 Hom
627 1100 762 1172 1111109.
784 1101 842 1156 Vol.
862 1101 913 1168 IV,
932 1105 1093 1170 178-180;
1112 1102 1173 1156 lib.
1199 1101 1279 1166 VIII,
1300 1105 1365 1156 383.

532 1187 588 1242 Ed.
612 1188 811 1252 Winteimann,
829 1188 901 1243 dcta
919 1189 990 1259 Imp.
1007 1189 1081 1244 med.
1095 1206 1127 1258 p.
1144 1191 1209 1244 237.
1228 1205 1254 1243 n.
1272 1191 1333 1244 261.

1049 1451 1460 1460 m

1223 1709 1309 1783 all.

538 1818 726 1914 Honoras
749 1847 812 1911 01
828 1868 918 1928 papa
940 1847 1114 1932 [0000]
1140 1848 1247 1913 aeeon
1274 1847 1312 1913 a
1334 1846 1588 1912 camoenae
1611 1847 1759 1930 00οι00
1785 1849 1967 1915 senensem
1989 1851 2084 1915 neen-

428 1956 521 2019 nensi
542 1952 702 2020 committit
716 1951 952 2032 praedicandae
973 1953 1073 2016 erneis
1094 1951 1232 2034 officinm
1252 1953 1288 2016 in
1304 1951 1473 2033 provincia
1491 1950 1681 2027 Treoercnsi,
1703 1953 1733 2014 et
1753 1955 1887 2018 recenset
1902 1955 2085 2038 privilepim

428 2079 508 2141 qnae
529 2059 572 2123 iis
593 2055 747 2134 attribuit,
770 2059 805 2120 at
826 2074 930 2119 eornm
952 2075 1107 2120 sermones
1128 2059 1157 2120 ct
1178 2056 1267 2120 labor
1286 2055 1425 2137 fmectnm
1446 2054 1617 2118 uberiorem
1639 2052 1786 2131 afferant.
2134 2087 2160 2126 10

1725 2159 1818 2236 1224,
1840 2157 1945 2224 Mart.
1969 2165 1999 2225 7.

532 2278 910 2348 Hm.111nm.Voc.1V‚
933 2284 1000 2347 1703
1019 2279 1082 2334 Lib.
1108 2279 1281 2344 V111‚3as.
1318 2278 1414 2333 Huius
1438 2277 1568 2347 epistolae
1595 2276 1721 2330 Pertrins
1748 2275 1817 2330 nibil
1842 2276 2004 2350 descripsit,
2032 2282 2087 2336 nisi

388 2424 391 2427 ,,
429 2368 639 2437 inscriptionem
656 2372 682 2421 ct
699 2372 793 2420 notam
809 2367 1041 2434 chronologicam,
1064 2365 1157 2420 dicens
1175 2368 1294 2420 tenorem
1310 2364 1421 2419 candem
1440 2379 1496 2418 esse
1514 2363 1642 2432 0100010
1660 2380 1703 2428 ea,
1725 2379 1796 2431 quac
1814 2361 1943 2435 episcopo
1962 2366 2085 2422 11000111-

429 2453 508 2508 densi
524 2454 610 2508 musa
629 2452 672 2506 sit.
712 2451 885 2506 Camertem
903 2453 975 2508 inter
993 2452 1088 2521 copias
1106 2453 1172 2506 baec
1188 2465 1243 2505 non
1260 2453 1343 2514 extet,
1362 2456 1482 2503 tenorem
1503 2449 1668 2518 sumpsimus
1687 2465 1722 2503 ex
1740 2449 1843 2505 Stcnd.
1861 2452 1980 2507 Literat.
2001 2455 2084 2509 Sciet.

428 2538 528 2607 Sitrist.
545 2542 564 2592 t.
582 2538 672 2601 XXI,
690 2553 721 2606 p.
745 2542 786 2600 11,
812 2536 860 2591 ubi
883 2537 957 2592 edita
980 2541 1034 2606 est,
1055 2538 1182 2592 collatam
1205 2553 1264 2591 cnm
1288 2535 1471 2600 Wdrdtroein,
1497 2535 1580 2588 Nora
1596 2534 1676 2590 Scor.
1697 2534 1764 2604 dipl.
1782 2543 1801 2591 t.
1819 2537 1874 2604 IV,
1896 2545 2013 2608 0120,
2038 2541 2084 2595 ali
2129 2549 2145 2586 1⁶

429 2625 545 2695 epistota
563 2624 692 2694 episcopo
710 2622 927 2678 Hiidcslemensi
944 2625 969 2676 et
985 2623 1118 2692 mapistro
1136 2623 1276 2677 Salomoni
1293 2621 1397 2692 scripte
1413 2622 1547 2693 impressa
1565 2624 1612 2676 est.

531 2711 668 2775 Pontiani,
687 2708 756 2779 Rea.
776 2712 857 2764 7186.

518 2981 527 2998 .
557 2979 565 2996 .
594 2921 742 2998 abbati
769 2923 820 2996 de
847 2922 1143 2998 Ehistrebach
1171 2922 1491 2998 Cisterciensis
1518 2923 1689 2998 ordinis
1715 2929 1759 2998 et
1785 2924 2001 3016 magistro

615 3043 820 3135 Gerungo
848 3043 1090 3128 scolastico
1118 3045 1350 3118 Bunnensi
1378 3044 1663 3118 coloniensis
1690 3045 1900 3119 diocesia.

539 3192 622 3259 Cum
643 3191 840 3280 predicanda
872 3192 975 3258 crucis
1007 3191 1149 3258 officium
1175 3193 1209 3256 in
1239 3193 1407 3279 provincia
1429 3191 1625 3258 Treverensi
1652 3190 1746 3257 vobis
1774 3191 1967 3265 duxerimus
1997 3213 2081 3258 ccm-
2123 3223 2142 3262 0

429 3297 640 3379 mittendum,
668 3303 706 3362 ut
733 3297 894 3362 inoffense
922 3297 1051 3383 possint
1080 3317 1210 3361 currere
1243 3316 1411 3361 sermones
1434 3295 1537 3360 vestri
1559 3302 1593 3360 et
1622 3295 1716 3360 labor
1737 3295 1878 3361 fructum
1900 3297 2083 3362 uberiorem

428 3401 556 3477 afferre,
579 3401 782 3488 presentium
805 3400 899 3464 vobis
923 3401 1116 3466 auctoritate
1141 3399 1384 3481 committimus,
1407 3405 1444 3463 ut
1466 3420 1540 3463 cum
1563 3398 1604 3463 sd
1626 3400 1700 3464 loca
1722 3399 1879 3464 veneritis
1902 3399 2081 3480 interdicte,

428 3505 527 3571 liceat
549 3505 641 3570 vobis
665 3505 698 3568 10
722 3526 834 3570 eorum
850 3505 988 3590 singulis
1005 3525 1103 3569 unam
1127 3505 1230 3569 semel
1252 3504 1426 3568 ecclesiam
1446 3503 1573 3589 aperire
1598 3509 1632 3568 et
1653 3502 1775 3568 ibidem
1792 3504 2082 3569 excommunicatis

429 3613 462 3674 et
484 3608 677 3673 nominatim
692 3606 874 3673 interdictis
893 3606 1035 3672 exclusis
1054 3606 1222 3671 celebrere
1238 3605 1358 3690 divina,
1380 3607 1487 3696 01010
1502 3605 1666 3671 efficacius
1682 3606 1816 3692 possitis
1839 3606 1886 3671 ibi
1902 3627 2082 3694 proponere

427 3711 564 3776 verbum
587 3711 709 3788 crucis;
738 3711 969 3776 nichilominus
1000 3709 1239 3790 concedentes,
1266 3716 1303 3774 01
1330 3731 1443 3775 00τοοι
1472 3716 1562 3785 vota,
1593 3709 1650 3795 qui
1672 3715 1832 3774 vorarunt
1859 3709 1949 3775 beati
1972 3709 2082 3774 Iacobi

427 3815 480 3880 vel
509 3815 647 3879 aliorum
679 3818 867 3879 sanctorum
895 3814 1007 3878 limina
1038 3813 1188 3894 visitare,
1220 3814 1254 3877 10
1283 3814 1497 3878 transmarine
1525 3811 1799 3900 peregrinationis
1828 3813 1965 3898 possitis
1998 3834 2083 3878 ccm-

427 3923 552 3983 mutare
587 3917 751 3998 laborem,
788 3924 821 3982 et
856 3918 937 3999 hiis,
972 3918 1028 4003 qui
1060 3919 1293 3983 commiserunt
1320 3917 1489 4000 incendia,
1523 3917 1644 4003 quique
1673 3936 1732 4002 pro
1759 3915 1904 3980 violenta
1932 3938 2084 3981 manuum

426 4021 602 4085 iniecticne
625 4020 660 4085 in
682 4041 842 4086 canonem
866 4020 1067 4102 inciderunt,
1099 4020 1272 4086 dummodo
1296 4042 1362 4086 000
1390 4022 1432 4086 011
1463 4020 1604 4086 enormis
1628 4040 1803 4100 excessus,
1833 4020 1971 4086 valeatis
1992 4022 2085 4085 iuxta

426 4122 565 4188 formam
593 4124 735 4188 ecclesie
764 4123 959 4189 beneficium
988 4124 1205 4190 absolutionis
1234 4124 1424 4211 impendere
1455 4124 1526 4189 vice
1553 4127 1679 4203 nostra,
1712 4121 1875 4208 siquidem
1904 4125 2012 4209 passis
2035 4125 2084 4188 in·

425 4227 543 4291 iuriam
571 4226 791 4292 satisfecerint
826 4233 1052 4314 competenter
1086 4234 1119 4293 et
1152 4227 1270 4293 devote
1306 4227 1511 4314 susceperint
1543 4227 1672 4311 signum
1704 4225 1809 4290 crucis
1843 4247 1904 4312 pro
1938 4227 2083 4292 subsidio

427 4328 529 4394 Terre
562 4327 693 4396 Sancte.
750 4329 969 4396 (1000011000
1000 4332 1114 4413 etiam,
1145 4337 1181 4397 ut
1211 4332 1336 4417 aliquos
1364 4331 1451 4396 viros
1483 4331 1641 4395 honestos
1669 4335 1702 4394 et
1728 4328 1770 4394 ad
1801 4329 1863 4395 hoc
1893 4330 2030 4397 idoneos
2052 4333 2085 4395 in

425 4437 553 4518 partem
583 4433 756 4499 commisse
785 4434 879 4499 vobis
908 4435 1138 4500 sollicitudinis
1168 4435 1305 4500 valeatis
1338 4433 1513 4515 advocare,
1544 4456 1616 4499 cum
1646 4433 1793 4499 videritis
1825 4435 2001 4522 expedire;
2030 4437 2085 4523 qni

428 4533 505 4599 dum
528 4534 562 4598 in
586 4534 772 4601 huiusmodi
794 4536 1028 4623 predicationis
1052 4539 1160 4604 officio
1183 4538 1396 4618 laborabunt,
1425 4537 1658 4602 beneficiorum
1687 4558 1819 4602 sucrum
1851 4538 1999 4604 redditus
2021 4559 2086 4604 000

427 4638 593 4718 amittant,
617 4637 675 4702 sed
697 4639 824 4724 integre
847 4641 921 4704 illos
944 4642 1142 4727 percipiant,
1173 4663 1210 4706 ac
1234 4642 1318 4705 siin
1341 4642 1408 4705 suis
1432 4641 1580 4706 ecclesiis
1603 4639 1799 4716 residerent;
1822 4644 1954 4728 proviso
1977 4652 2086 4710 temen

428 4762 470 4806 ne
499 4741 532 4804 10
563 4761 698 4808 numero
729 4743 997 4808 assumendorum
1032 4744 1217 4826 excedatis,
1246 4766 1330 4810 nere
1361 4745 1535 4809 assumatis
1562 4742 1603 4809 de
1631 4766 1697 4808 000
1720 4745 1862 4810 00010010
1889 4748 1964 4832 plus
1988 4771 2083 4835 qnam
2201 4753 2222 4764 ”

435 4867 546 4911 unum.
592 4845 672 4912 lllcs
695 4867 838 4932 000000,
865 4847 920 4932 qui
944 4868 1075 4914 crucem
1098 4849 1352 4934 assumpserint,
1383 4848 1442 4913 sub
1464 4848 1557 4913 beati
1577 4848 1669 4912 Petri
1693 4853 1726 4912 01
1747 4854 1860 4912 nostra
1881 4854 2085 4936 protectione

428 4950 625 5036 suscipimus
649 4970 722 5014 cum
746 4950 896 5014 omnibus
918 4949 1013 5015 bonis
1037 4952 1115 5032 suis,
1139 4958 1322 5017 statuentes
1345 4958 1381 5015 01
1395 4956 1569 5038 postquem
1584 4950 1705 5015 luerint
1726 4951 1789 5016 iter
1811 4955 2084 5038 peregrinationis

426 5055 586 5141 aggressi,
609 5076 650 5120 00
672 5055 781 5119 00010
804 5054 865 5120 001
883 5056 1018 5141 speciali
1038 5055 1594 5137 00010010(10100010000000101001,
1617 5054 1723 5120 donec
1746 5053 1786 5120 de
1811 5055 1919 5120 reditu
1940 5059 2084 5144 ipsorum

425 5160 479 5224 vel
511 5158 600 5222 obitu
632 5157 815 5223 certissime
848 5165 1086 5245 cognoscatur,
1116 5159 1244 5225 clericis
1272 5159 1502 5225 nichilominus
1535 5158 1761 5238 concedendo,
1795 5162 1832 5223 01
1860 5167 1995 5246 propter
2025 5161 2084 5225 hoc

425 5261 553 5348 possint
574 5259 810 5326 beneficiorum
834 5282 964 5326 suorum
987 5268 1164 5348 proventus
1186 5284 1290 5348 usque
1314 5263 1354 5328 ad
1378 5263 1553 5328 triennium
1576 5262 1706 5349 pignori
1729 5262 1876 5347 obligare
1899 5265 1954 5329 rel
1975 5265 2080 5350 perci·
2139 5293 2190 5320 ‹r-

425 5386 515 5451 pere,
540 5363 694 5450 quamdiu
717 5364 871 5430 absentes
895 5365 1017 5430 fuerint
1039 5364 1101 5431 hac
1124 5364 1165 5431 de
1189 5387 1299 5448 causa,
1321 5367 1397 5442 illis,
1421 5365 1539 5450 quibus
1563 5387 1620 5430 000
1643 5366 1772 5451 pignori
1789 5366 2009 5451 obligaverint
2031 5366 2081 5432 vel

426 5467 627 5552 colligendos
668 5469 910 5550 commiserint,
953 5471 1024 5536 sine
1060 5470 1274 5535 diminutione
1316 5469 1463 5556 qualibet
1496 5467 1718 5550 exhibendos,
1757 5469 1805 5533 its
1836 5476 1963 5552 tamen,
2000 5471 2082 5557 quod

425 5572 668 5660 parochialibus
694 5574 844 5640 ecclesiis
867 5576 1123 5662 perhonestum
1146 5575 1458 5640 vicariuminterim
1483 5574 1653 5654 serviatur,
1677 5594 1738 5639 nec
1762 5574 1883 5658 aliquis
1905 5574 2080 5662 procedere

424 5682 594 5764 presumat
615 5675 657 5740 sd
680 5676 916 5763 obligationem
938 5678 1136 5761 huiusmodi,
1159 5680 1222 5744 nisi
1247 5701 1320 5745 cnm
1341 5681 1405 5746 iter
1428 5678 1563 5764 arripiat
1585 5676 1827 5754 transfretandi,
1852 5684 1965 5763 101000
1989 5679 2080 5744 00010
