4524 6412
719 405 918 459 arrsronnn
937 404 1126 459 sensoria
1163 407 1237 458 rara
1347 375 1354 389 ’
1747 413 1809 472 295

153 581 187 638 et
210 596 269 638 nos
292 575 334 638 ab
358 576 566 660 imperatoris
583 576 739 641 fidelitate
768 577 1005 641 absolverimus
1026 578 1210 642 universos.
1257 577 1292 641 Si
1316 577 1393 663 quid
1417 580 1506 644 enim
1529 580 1561 643 in
1584 581 1734 666 personis
1759 583 1816 645 vel

155 678 254 742 rebus
278 685 412 763 propter
434 679 495 742 hoc
519 680 744 756 sustinuerint,
770 680 832 744 sibi
855 687 1009 766 poterunt
1032 681 1204 766 imputare.
1251 680 1373 745 Contra
1396 703 1478 766 quos
1502 683 1636 768 insuper
1657 683 1810 748 duximus

155 780 383 858 statuendum,
415 788 450 844 ut
479 783 587 846 nullus
611 805 723 848 eorum
747 784 788 848 ad
811 784 1024 869 potestariam
1048 783 1101 847 vel
1124 782 1213 847 aliud
1236 784 1378 849 officium
1402 786 1570 850 civitatum
1593 793 1650 850 aut
1672 787 1810 851 aliorum

155 885 300 948 locorum
323 883 364 948 de
389 891 499 948 cetero
515 892 757 958 assuerantur“;
772 913 773 916 ¹
788 888 1113 951 excommunicentur
1137 887 1235 950 etiarn
1252 887 1414 952 electores
1431 889 1573 975 ipsorum
1599 911 1637 953 ac
1660 889 1810 954 civitates

91 1009 103 1044 s
158 994 191 1052 et
216 988 305 1060 loca;
335 987 510 1071 quamdiu
538 988 712 1053 habuerint
735 988 1002 1069 ibidemoifieia,
1036 989 1228 1054 subiaceant
1251 989 1435 1055 interdicto.
1481 992 1638 1059 Preterea
1660 993 1810 1057 omnibus

155 1091 324 1154 beneficiis
348 1111 408 1154 seu
423 1089 541 1170 feudis,
565 1113 628 1176 que
652 1099 767 1156 tenent
790 1092 831 1155 ab
849 1093 1009 1172 ecclesiis,
1032 1092 1104 1178 ipso
1129 1093 1194 1156 sint
1217 1093 1287 1156 iure
1310 1093 1439 1178 privati,
1464 1115 1641 1180 eorumque
1664 1095 1722 1159 filii
1745 1115 1809 1158 non

155 1194 379 1258 ammittantur
400 1192 442 1257 ad
457 1193 613 1259 benefitia
628 1195 681 1258 vel
695 1195 873 1279 dignitates
897 1195 1138 1260 ecclesiasticas
1162 1195 1232 1260 sine
1249 1195 1494 1280 dispensatione
1517 1197 1607 1263 'sedis
1628 1199 1809 1285 apostolice

157 1297 302 1382 speciali,
325 1315 386 1361 nec
410 1296 594 1361 huiusmodi
611 1299 854 1364 excomunicati
877 1298 1094 1362 absolutionis
1117 1299 1245 1384 possint
1269 1299 1419 1364 obtinere
1436 1299 1642 1381 beneficium,
1665 1302 1729 1366 nisi
1751 1323 1811 1388 per

156 1422 276 1466 annum
298 1401 417 1466 facturi
439 1422 563 1465 moram
587 1402 619 1464 in
643 1402 777 1466 servitio
799 1401 900 1465 Terre
918 1399 1049 1474 Sancte,
1074 1408 1107 1465 et
1130 1408 1255 1465 tanturn
1280 1402 1459 1487 expensuri
1481 1402 1522 1466 ad
1545 1404 1652 1468 minus
1675 1405 1809 1482 ibidem,

157 1511 313 1589 quantum
342 1526 400 1569 eos
431 1505 472 1568 ab
502 1505 568 1568 illis
600 1504 786 1568 constiterit
818 1504 1020 1588 percepisse.
1067 1504 1229 1577 Quocirca
1258 1505 1460 1591 presentium
1490 1506 1585 1570 vobis
1616 1509 1810 1572 auctoritate

156 1608 302 1672 districte
331 1608 543 1694 precipimus,
576 1609 729 1692 quatinus
760 1607 989 1670 inhibitionem
1019 1612 1162 1670 nostram
1193 1614 1226 1671 et
1261 1607 1394 1671 easdem
1429 1611 1624 1688 sententias,
1658 1631 1696 1675 ac
1725 1611 1811 1696 quod

157 1732 256 1798 super
279 1712 340 1776 hoc
364 1712 397 1776 in
420 1732 538 1796 penam
561 1709 782 1796 predictorum
812 1709 1003 1788 statuimus,
1033 1709 1239 1794 publicantes
1267 1709 1384 1774 diebus
1412 1709 1583 1775 dominicis
1614 1719 1646 1776 et
1673 1714 1810 1794 festivis,

157 1823 223 1880 tarn
253 1815 417 1903 predictos
444 1813 651 1899 Raynaldum
681 1821 714 1878 et
740 1813 933 1878 Bertoldum
965 1833 1062 1897 quam
1090 1812 1313 1891 consiliarios,
1350 1814 1562 1878 auxiliatores
1598 1823 1631 1879 et
1666 1817 1811 1881 lautores

157 1941 287 2000 eorum,
322 1926 356 1984 et
379 1918 571 1982 nominatim
595 1918 701 2004 siqui
726 1924 802 1981 sunt
834 1917 874 1980 de
899 1917 1016 1980 vestris
1041 1915 1229 1980 civitatibus
1254 1917 1305 1980 vel
1329 1916 1486 1982 districtis
1511 1917 1706 1996 eamndem,
1737 1943 1811 1985 curn

94 2069 98 2082 .
159 2023 224 2088 illis
258 2023 525 2086 excomunicatos
554 2020 697 2083 anobis
729 2019 943 2105 solempniter
970 2019 1144 2096 nuntietis,
1179 2019 1309 2103 publice
1340 2018 1571 2084 nichilominus
1600 2021 1811 2106 protestando

158 2124 245 2211 quod
268 2125 353 2190 tales
377 2147 441 2188 uon
472 2125 567 2188 aliter
595 2145 692 2208 quam
722 2123 904 2209 predictum
928 2128 988 2196 cst,
1011 2129 1166 2209 poterunt
1194 2122 1411 2186 absolutionis
1435 2122 1629 2187 beneficium
1654 2124 1810 2188 obtinere.

158 2229 202 2293 Et
217 2227 350 2314 quidem
368 2249 442 2291 cum
457 2227 618 2313 promotio
634 2229 759 2311 negotii
776 2227 878 2291 Terre
896 2226 1014 2290 Sancte
1037 2226 1080 2289 sit
1100 2247 1208 2305 eausa,
1233 2248 1290 2312 pro
1313 2247 1378 2311 qua
1400 2227 1495 2290 nobis
1520 2228 1597 2291 talia
1620 2229 1811 2306 inferuntur,

158 2331 338 2398 verendum
355 2337 406 2395 est
422 2330 583 2411 omnibus,
607 2332 661 2416 qui
682 2330 789 2395 eidem
805 2329 975 2414 Raynaldo
992 2335 1026 2393 et
1041 2328 1199 2393 Bertoldo
1216 2329 1400 2409 consilium,
1423 2330 1582 2394 auxilium
1599 2331 1650 2394 vel
1667 2331 1811 2393 favorem

124 2444 128 2456 '
160 2434 388 2522 impenderint,
411 2454 453 2498 ne
477 2440 589 2497 contra
611 2456 668 2499 eos
692 2441 856 2518 tamquam
873 2439 987 2497 contra
1001 2432 1153 2496 inimicos
1171 2432 1319 2497 eiusdem
1335 2432 1470 2517 negotii,
1495 2453 1642 2518 paganos
1658 2431 1812 2496 videlieet

162 2546 196 2605 et
219 2537 341 2603 Christi
363 2536 584 2624 blasphemos,
607 2537 788 2624 procedere
811 2536 1055 2622 compellamur.

267 2659 356 2724 Data
379 2657 521 2732 Perusii,
545 2658 598 2724 III
619 2659 731 2724 Nonas
754 2657 959 2736 Decembris,
983 2657 1191 2742 pontificatus
1216 2658 1320 2723 nostri
1343 2677 1427 2722 anno
1450 2655 1492 2718 Π.

780 2921 1190 2928 ...—--.—..--.—-——-

946 3197 1032 3269 378.
1089 3235 1091 3238 -

271 3313 461 3423 Gregorius
484 3339 540 3403 IX
564 3359 652 3418 papa
673 3336 805 3421 [Erico]
834 3304 900 3418 rcpi
923 3335 1050 3400 Stellae
1080 3336 1280 3416 conqueritur
1307 3335 1343 3398 dc
1371 3335 1537 3414 iniquitate
1559 3333 1719 3398 Frailcrici
1740 3332 1816 3395 dicti

161 3445 373 3527 lrrrpcratoris,
409 3443 464 3525 qui
502 3441 727 3522 patrimonium
761 3437 851 3502 Petri
883 3461 945 3520 per
976 3437 1184 3522 Regnaldruu
1220 3441 1332 3502 autum
1364 3436 1521 3517 quourlam
1557 3434 1696 3501 Conrudi
1727 3433 1816 3496 ducis

163 3549 327 3630 Spolctoui
347 3564 512 3630 oppressus
533 3544 592 3616 sit:
613 3562 682 3606 cum
707 3541 779 3606 huic
802 3545 864 3606 tres
886 3543 1040 3607 exercitas
1063 3539 1258 3622 opponerulos
1275 3539 1465 3619 mundarit,
1488 3537 1542 3601 scd
1559 3537 1730 3620 facultates
1752 3554 1816 3597 uon

163 3651 334 3737 sufficebat,
356 3651 424 3714 eius
445 3647 674 3713 subecntr'mrem
697 3646 839 3727 requirit,
861 3645 955 3710 etad
976 3665 1045 3708 cam
1067 3645 1104 3710 de
1127 3645 1184 3709 lrac
1205 3665 1239 3708 rc
1260 3643 1443 3725 maptstram
1459 3642 1616 3706 Simonem
1636 3640 1817 3720 scriptorem

162 3774 254 3818 suum
275 3754 379 3817 aaran.
1431 3801 1434 3808 ,
1463 3744 1556 3818 1228,
1577 3740 1653 3805 Dec.
1676 3745 1728 3804 21.

267 3874 349 3940 Grec.
368 3871 417 3924 IX
434 3871 502 3937 Rry.
522 3867 584 3923 aab.
604 3872 644 3932 ΙΙ,
664 3873 709 3922 75.
745 3867 866 3920 Erlierus
883 3883 918 3920 ea
935 3866 1025 3936 Repu.
1044 3869 1115 3921 Ana.
1135 3869 1196 3921 cccl.
1216 3885 1242 3920 a.
1260 3871 1343 3930 1223,
1360 3870 1377 3931 §
1395 3868 1440 3926 19,
1463 3861 1584 3916 altiruam
1600 3866 1715 3930 partera,
1734 3877 1816 3928 quera

164 3959 463 4022 conmanducatam
487 3955 627 4018 Vestorio,
648 3954 721 4008 Vitia
738 3954 824 4026 aquil.
839 3970 870 4023 p.
889 3958 950 4008 175.

268 4044 404 4109 Politen,
423 4043 488 4110 aeq.
508 4043 589 4095 8299.

752 4203 925 4275 Illustri
952 4202 1044 4293 regi
1071 4202 1230 4274 Suetie.

272 4357 358 4442 Regi
381 4377 495 4442 regum
519 4377 615 4440 reges
645 4361 731 4418 terre
755 4351 977 4436 gratissimum
1009 4349 1167 4414 exhibent
1189 4348 1399 4422 famulatum,
1430 4346 1484 4431 qui
1514 4346 1756 4431 compatiuntur
1785 4351 1818 4408 et

165 4465 293 4542 dolent,
318 4482 391 4526 cum
414 4458 678 4546 persecutionem
703 4456 826 4542 patitur
849 4475 970 4540 sponsa
994 4451 1133 4528 Christi,
1158 4457 1191 4515 et
1213 4456 1361 4535 tempore
1385 4449 1624 4536 persecutionis
1648 4447 1819 4513 evidenter

165 4566 358 4645 ostendunt,
391 4561 476 4648 quod
509 4561 618 4625 nullus
656 4559 729 4623 Deo
765 4563 816 4622 set
850 4556 942 4620 Deus
977 4560 1029 4620 est
1062 4553 1212 4619 omnibus
1249 4551 1474 4639 preferendus.
1528 4551 1614 4616 Sane
1650 4551 1677 4614 si
1713 4549 1818 4614 dietus

167 4672 360 4757 imperator,
391 4667 464 4732 Deo
488 4672 522 4730 et
544 4663 731 4728 hominibus
755 4661 857 4747 gratis
888 4661 1054 4744 ingratus,
1084 4659 1265 4744 apostolice
1296 4656 1366 4720 sedi
1396 4657 1516 4720 malum
1540 4677 1599 4740 pro
1628 4654 1731 4732 bono,
1760 4674 1818 4739 pro

167 4775 291 4838 bonore
331 4771 483 4835 iniuriam
519 4773 552 4832 et
589 4766 699 4831 odium
733 4785 792 4850 pro
826 4763 1003 4828 dilectione
1039 4763 1148 4847 inique
1183 4761 1383 4832 retribuens,
1426 4779 1491 4823 non
1526 4763 1698 4822 contentus
1733 4755 1819 4841 quod

166 4878 336 4964 negotium
358 4875 460 4939 Terre
485 4873 604 4937 Sancte
628 4869 776 4935 studiosa
798 4865 1002 4951 malignitate
1025 4866 1200 4953 pervertit,
1235 4885 1320 4928 nunc
1343 4862 1508 4926 inhianter
1530 4861 1654 4947 aspirat
1677 4859 1718 4923 ad
1741 4880 1818 4923 con-

168 4978 357 5046 culcandam
378 4976 598 5041 universalem
622 4972 795 5039 ecclesiam
818 4969 925 5034 modis
948 4969 1113 5049 omnibus,
1144 4969 1262 5054 quibus
1286 4973 1413 5052 potest,
1445 4971 1479 5028 et
1501 4963 1689 5028 libertatern
1712 4963 1818 5027 ecclc-

169 5085 334 5148 siasticam
366 5077 634 5154 subvertendam,
666 5081 771 5139 totum
806 5073 868 5137 sibi
902 5073 996 5158 quasi
1031 5079 1186 5157 reputans
1215 5071 1365 5158 deperire
1395 5065 1551 5154 quidquid
1577 5065 1737 5130 libertatis
1768 5066 1821 5128 vel

169 5186 302 5251 honoris
338 5183 466 5248 obtinet
499 5200 621 5267 sponsa
650 5177 790 5256 Christi,
826 5183 859 5240 et
890 5179 1043 5260 nequiter
1075 5176 1224 5260 cogitans
1259 5171 1345 5258 quod
1378 5172 1406 5235 si
1434 5170 1615 5234 Romanam
1649 5167 1820 5232 ecelesiam

91 5327 117 5364 ω
170 5294 283 5376 posset
307 5286 503 5373 opprimere,
527 5305 623 5368 reges
647 5282 729 5345 alios
752 5285 786 5344 et
808 5301 912 5365 regna
936 5279 978 5342 sit
1001 5280 1031 5344 ei
1053 5279 1243 5344 facillimum
1260 5294 1461 5363 expugnare,
1484 5270 1647 5360 processit
1669 5269 1710 5335 ad
1732 5271 1821 5334 beati

149 5393 260 5458 -Petri
282 5389 512 5479 patrimonium
535 5387 700 5452 hostiliter
723 5383 956 5469 occupandum,
980 5384 1037 5448 ubi
1060 5405 1121 5470 per
1136 5381 1341 5469 Raynaldum
1364 5386 1477 5444 natum
1493 5373 1634 5442 Conradi
1658 5370 1821 5460 quondam

275 5681 402 5758 aaa.
