4448 6420
692 313 893 390 EPISTOLAE
910 313 1099 372 SELEO'I'AE.
1136 317 1211 372 1223.
1715 335 1774 396 159

117 487 278 554 redimant
300 489 414 555 fraude
439 489 601 554 diabolica
624 491 819 576 captivatas:
846 495 984 573 exurgat
1007 512 1092 555 nunc
1115 493 1170 577 qui
1194 487 1330 576 dormit,
1360 502 1393 561 et
1416 498 1457 563 ab
1483 503 1639 587 operibus
1662 508 1775 572 mortis

118 593 290 674 excitetur,
313 599 350 657 ut
365 594 527 658 illuminet
550 616 625 659 eum
642 593 803 658 Christus.
849 593 998 678 Exurgat
1021 601 1055 658 et
1078 602 1186 660 currat
1208 599 1241 662 in
1265 599 1439 685 splendore
1457 604 1595 691 fulgoris
1613 631 1775 675 armorum

119 696 262 770 Domini,
286 699 451 762 accinctus
476 698 516 763 ad
540 699 628 763 illius
652 700 791 785 prelium
816 696 1030 784 preliandum,
1053 700 1107 783 qui
1130 702 1277 785 legitime
1303 707 1506 774 certantibus
1532 732 1685 778 coronam
1708 715 1774 780 vite

119 801 289 887 promittit.
334 802 404 867 Nos
427 809 536 867 autem
565 804 658 867 iuxta
690 802 853 888 generalis
883 807 1005 865 statuta
1033 802 1163 866 concilii
1192 826 1349 889 personas
1382 817 1414 873 et
1441 812 1528 877 bona
1559 836 1688 898 eornm,
1720 818 1775 903 qui

120 908 226 971 crucis
254 915 329 972 sunt
357 914 523 972 caractere
554 908 716 994 insigniti,
748 907 945 992 recipientes
974 907 1034 970 sub
1064 909 1267 992 protectione
1298 911 1386 976 sedis
1418 918 1598 1001 apostolice
1629 923 1774 1007 speciali,

119 1012 268 1078 omnibus
291 1015 347 1098 qni
369 1013 516 1078 laborem
539 1014 637 1078 istum
660 1015 693 1077 in
716 1013 855 1099 propriis
879 1011 1029 1096 personis
1054 1011 1216 1076 subierint
1240 1021 1273 1078 et
1297 1020 1462 1103 expensis,
1488 1022 1619 1106 plenam
1643 1046 1774 1089 suornm

118 1117 360 1201 peccaminum,
385 1116 425 1182 de
449 1116 568 1202 quibus
591 1111 755 1181 veraciter
774 1114 895 1179 luerint
918 1112 1015 1178 corde
1039 1117 1171 1178 contriti
1195 1122 1229 1180 et
1252 1139 1308 1182 oro
1333 1120 1491 1202 confessi,
1515 1125 1644 1189 veniam
1666 1126 1774 1191 indul·

119 1239 233 1303 gemus
258 1220 346 1282 etin
370 1219 585 1283 retributione
615 1219 775 1282 iustorum
804 1217 918 1280 salutis
951 1223 1063 1280 eterne
1092 1218 1286 1302 pollicemur
1315 1232 1537 1307 augmentum.
1583 1228 1642 1292 Eis
1666 1237 1775 1295 autem

119 1322 262 1407 quinon
285 1323 318 1386 in
341 1324 482 1408 propriis
505 1323 654 1409 personis
684 1323 761 1386 illue
791 1320 1007 1400 accesserint,
1042 1327 1092 1384 set
1120 1321 1166 1412 in·
1181 1324 1249 1387 suis
1281 1324 1451 1392 dumtaxat
1480 1331 1657 1416 expensisa
1682 1333 1775 1398 iuxta

119 1425 308 1490 facultatem
333 1433 367 1490 et
389 1428 578 1511 qualitatem
603 1448 695 1490 suam
717 1426 803 1488 viros
827 1423 962 1486 idoncos
984 1422 1195 1506 destinarint,
1224 1433 1257 1490 et
1287 1428 1352 1492 illis
1376 1431 1527 1496 similiter
1550 1434 1603 1518 qui
1634 1435 1711 1499 licet
1740 1436 1774 1501 in

119 1529 235 1593 alienis
265 1530 419 1615 expensis
450 1531 483 1594 in
511 1531 652 1617 propriis
686 1529 835 1614 personis
859 1533 969 1590 tamen
997 1531 1216 1610 accesserint,
1246 1532 1377 1616 plenam
1409 1556 1541 1600 suorum
1565 1537 1773 1604 concedimus

119 1633 248 1696 veniam
272 1640 492 1718 peccatorum.
538 1634 646 1697 Huius
672 1653 800 1718 quoquc
817 1631 1018 1694 remissionis
1036 1633 1185 1696 volumus
1210 1642 1243 1698 et
1266 1637 1474 1702 concedimus
1499 1660 1573 1704 csse
1598 1642 1773 1727 participes

118 1735 210 1798 iuxta
233 1737 448 1821 quantitatem
472 1737 608 1801 subsidii
639 1742 672 1799 et
695 1735 880 1798 devotionis
909 1733 1061 1797 affectum
1086 1757 1214 1814 omnes,
1246 1738 1300 1822 qui
1331 1738 1372 1802 ad
1395 1739 1647 1807 subventionem
1670 1744 1773 1829 ipsius

119 1844 204 1902 terre
233 1838 274 1902 de
304 1838 399 1903 bonis
434 1841 501 1905 suis
529 1861 672 1924 congrue
701 1836 933 1902 ministrabunt
962 1845 1018 1900 aut
1051 1838 1137 1901 eirca
1168 1839 1316 1924 predicta
1346 1843 1517 1907 consilium
1550 1853 1583 1910 et
1614 1847 1773 1911 auxilium

58 1993 59 1996 ,
121 1941 339 2028 impenderint
355 1951 559 2030 oportunum.
605 1942 649 2006 Et
673 1942 825 2027 quoniam
841 1942 1124 2025 pernecessarium
1141 1948 1191 2006 est
1212 1945 1433 2029 prosecutioni
1450 1948 1575 2032 negotii
1591 1953 1772 2030 memorati,

118 2051 154 2109 ut
182 2045 347 2131 principes
379 2053 413 2111 et
444 2046 583 2134 populus
612 2045 789 2109 Christiani
818 2044 907 2129 pacis
934 2043 1099 2129 gaudeant
1129 2046 1266 2127 unitate,
1298 2069 1358 2134 per
1386 2051 1601 2115 ecelesiarum
1629 2055 1773 2138 prelatos

120 2147 343 2213 discordantes
367 2149 563 2214 reducantur
591 2150 631 2214 ad
659 2150 791 2235 plenam
820 2168 936 2234 pacem
965 2147 1018 2211 vel
1042 2148 1167 2211 firmam
1190 2156 1361 2236 treuguam
1385 2152 1620 2218 inviolabiliter
1642 2157 1772 2221 interim

120 2250 368 2316 observandam.
423 2253 511 2317 Hinc
542 2260 608 2326 est,
643 2252 729 2338 quod
756 2259 822 2315 tarn
850 2272 908 2338 pro
939 2249 1166 2316 exhortatione
1195 2253 1287 2317 verbi
1322 2255 1428 2318 crucis
1465 2277 1561 2340 quam
1590 2260 1681 2344 pacis
1715 2282 1774 2325 seu

120 2361 328 2438 treuguamm
358 2355 471 2420 federa
500 2355 666 2421 suadendo
697 2356 854 2419 mittimus
883 2354 924 2418 ad
952 2375 1009 2417 vos
1037 2402 1044 2416 .
1069 2403 1092 2430 .,
1121 2354 1352 2420 discretionem
1375 2365 1518 2422 vestram
1541 2368 1712 2424 monentes
1739 2369 1773 2426 et

58 2477 68 2512 ι
121 2457 333 2522 obsecrantes
361 2459 394 2522 in
417 2459 573 2540 Domino,
604 2461 757 2544 quatinus
780 2460 887 2544 ipsum
910 2459 1107 2544 recipientes
1130 2459 1265 2544 ylariter
1293 2467 1326 2524 et
1348 2460 1490 2546 benigne
1514 2468 1701 2544 tractantes,
1726 2465 1772 2530 sie

124 2582 222 2646 super
244 2563 414 2647 premissis
440 2563 531 2627 eiusb
557 2563 742 2628 salubribus
764 2561 895 2626 monitis
913 2561 1119 2642 intendatisss,
1143 2569 1179 2626 ut
1203 2585 1302 2649 opere
1328 2565 1459 2645 clareat,
1483 2564 1569 2649 quod
1592 2565 1685 2629 vobis
1708 2589 1773 2631 non

121 2664 205 2729 desit
229 2666 479 2754 magnanimitas
503 2666 701 2745 Mathathie,
731 2666 785 2750 qui
808 2663 923 2728 videns
948 2671 1061 2730 sancta
1084 2665 1216 2730 Domini
1240 2667 1436 2754 prophanari
1459 2668 1618 2754 prosiliit,
1649 2676 1686 2733 ut
1709 2668 1772 2734 Dei

122 2769 229 2853 legem
253 2775 288 2832 et
309 2775 463 2855 paternas
486 2769 713 2834 observantias
735 2775 893 2834 tueretur.
1079 2765 1080 2768 ’

230 2887 306 2952 Dat.
329 2889 483 2954 Lateran.
507 2890 576 2954 VII
597 2890 672 2954 Kal.
695 2890 793 2971 Iunii,
816 2889 1025 2976 pontificatus
1049 2891 1151 2954 nostri
1174 2911 1259 2955 anno
1283 2889 1360 2956 VII.

740 3135 769 3142 u·-
806 3134 1150 3141 ...-..--.-...--....-=-.—-—.---.

901 3359 987 3432 230.

229 3451 417 3548 Honorius
443 3484 510 3547 ΙΙΙ
532 3503 623 3564 papa
651 3483 854 3568 ,L[udowico]
887 3483 1064 3565 toatpravio
1098 3480 1291 3564 thuringiae
1318 3479 1424 3546 cadero
1455 3481 1492 3545 dc
1522 3483 1671 3565 colloquio
1704 3503 1772 3548 cam

119 3591 303 3670 imperatore
321 3587 428 3652 habito
450 3587 574 3666 scribit,
606 3607 733 3668 eamque
766 3585 926 3664 bortatur,
958 3589 994 3649 at
1021 3605 1090 3649 cum
1112 3587 1296 3666 imperatore
1324 3589 1480 3665 trauseat,
1513 3589 1667 3683 aasatioas
1689 3587 1771 3651 banc

120 3699 267 3776 quodum
288 3694 379 3758 osilia
402 3711 581 3756 marcarum
600 3712 660 3772 pro
682 3690 859 3755 huiasrnodi
881 3689 998 3755 laboris
1019 3689 1216 3754 subventione
1237 3690 1266 3752 ei
1285 3689 1473 3769 promittere.

224 3864 297 3919 aon.
316 3865 370 3916 ιιι
384 3863 451 3934 ray.
471 3863 533 3917 ιιι.
557 3862 621 3926 ιιι,
640 3865 700 3916 rra.
1484 3795 1578 3870 1223,
1602 3792 1685 3858 Mal.

540 4059 688 4132 Nobili
714 4058 808 4130 viro
836 4057 1068 4148 langravio
1095 4053 1350 4146 Thuringie.

227 4210 377 4276 Dextera
396 4209 529 4274 Domini
552 4215 614 4274 etc.
637 4229 755 4293 usque:
779 4205 962 4288 accingant.
1001 4201 1163 4276 Quoniam
1185 4200 1285 4285 igitur
1308 4201 1393 4265 inter
1414 4201 1496 4265 alios
1519 4201 1684 4287 principes
1705 4222 1771 4266 non

120 4337 254 4402 parvum
283 4316 390 4379 locum
418 4313 564 4378 nosceris
594 4312 758 4390 obtinere,
787 4308 993 4372 nobilitatem
1021 4311 1110 4368 tuam
1134 4301 1312 4387 rogandam
1335 4302 1488 4368 duximus
1512 4311 1546 4368 et
1567 4303 1770 4386 hortandam,

121 4419 332 4484 obsecrantes
356 4439 415 4503 per
438 4417 663 4503 aspersionem
686 4413 854 4498 sanguinis
869 4410 946 4475 lesu
964 4407 1086 4472 Christi
1111 4429 1149 4471 ao
1172 4407 1447 4471 inremissionem
1471 4406 1531 4471 tibi
1546 4410 1771 4494 peccaminum

121 4523 340 4606 ininngentes,
364 4522 516 4606 quatinus
533 4519 716 4599 attendens,
741 4515 827 4602 quod
850 4521 970 4600 quanto
994 4511 1100 4576 aDeo
1126 4511 1249 4575 maiora
1272 4512 1440 4597 recepisse
1465 4511 1656 4592 dinosceris,
1679 4519 1770 4577 tanto

122 4625 291 4690 devotiora
313 4623 376 4688 sibi
400 4623 558 4709 obsequia
581 4623 739 4687 exhibere
762 4619 902 4698 teneris,
930 4637 1078 4681 assumas
1109 4616 1142 4678 in
1174 4613 1244 4679 eius
1271 4616 1402 4679 nomine
1429 4615 1558 4699 signum
1587 4615 1706 4696 crucis,
1736 4625 1772 4680 ut

121 4749 194 4792 cum
217 4728 289 4813 ipso
313 4727 508 4813 imperatore
532 4727 695 4791 transiens
718 4724 858 4790 termino
881 4721 1076 4797 constituto,
1099 4718 1314 4804 imperialem,
1337 4718 1550 4804 apostolicam
1573 4725 1607 4783 et
1628 4718 1771 4783 divinam

121 4831 258 4916 gratiam
294 4830 426 4894 insimul
460 4831 629 4895 merearis.
689 4827 874 4914 Imperialis
910 4825 998 4889 enim
1033 4821 1275 4900 munificentia,
1311 4842 1373 4905 que
1411 4820 1471 4884 tibi
1506 4828 1646 4906 quatuor
1681 4823 1772 4886 milia

122 4932 327 4998 marcharum
350 4934 477 5018 argenti
501 4954 559 5019 pro
582 4930 770 4997 huiusmodi
799 4927 921 4993 laboris
950 4925 1165 4990 subventione
1189 4923 1365 5010 promittit,
1395 4923 1480 4987 sicut
1501 4923 1535 4987 in
1559 4923 1629 4988 eius
1653 4924 1771 4988 litteris

122 5037 351 5124 perspeximus
376 5037 553 5108 contineri,
576 5035 638 5100 hec
663 5042 697 5100 et
719 5034 843 5098 maiora
865 5031 940 5112 tibi,
972 5031 1056 5094 sicut
1079 5028 1257 5107 credimus,
1286 5024 1471 5106 exhibebit,
1502 5046 1628 5110 uosque
1652 5025 1770 5090 terram

58 5157 78 5194 ιι
124 5149 156 5205 ct
179 5141 289 5204 omnia
312 5140 383 5204 iura
406 5147 471 5218 tua,
494 5145 667 5226 postquam
691 5157 820 5202 crucem
844 5133 1072 5221 assumpseris,
1097 5131 1281 5197 curabimus
1305 5127 1364 5194 suh
1387 5134 1499 5193 nostra
1522 5133 1555 5192 et
1577 5128 1665 5192 beati
1682 5128 1772 5192 Petri

123 5243 327 5330 protectione
351 5243 497 5330 recipere
528 5248 562 5307 et
586 5262 690 5327 usque
721 5238 762 5303 ad
786 5237 927 5302 reditum
961 5243 1052 5302 tuum
1079 5235 1206 5298 illibata
1229 5253 1375 5316 servare,
1402 5231 1437 5295 in
1465 5230 1529 5295 hiis
1553 5235 1586 5295 et
1615 5229 1689 5294 aliis
1713 5251 1771 5296 ex-

121 5346 255 5412 hibituri
278 5346 340 5410 tibi
363 5347 577 5431 apostolicam
601 5345 739 5430 gratiam
763 5349 796 5407 et
819 5342 974 5407 favorem.

226 5607 248 5680 ¹)
267 5607 380 5680 exceptis
398 5605 431 5658 B.
512 5605 536 5674 ὓ)
554 5607 611 5659 eius
628 5605 697 5660 deu
713 5606 741 5656 in
758 5604 791 5658 B.
872 5604 893 5669 ε)
911 5620 944 5654 ιιι.
962 5611 988 5654 ct
1004 5603 1049 5654 int.
1069 5601 1101 5652 R.
