4538 6426
764 353 964 411 semeonis
982 357 1171 414 sansonis.
1210 362 1284 415 rara.
1809 372 1850 434 43

193 531 265 595 Nos
288 551 367 615 ergo
390 530 550 595 dictorum
574 531 816 617 archiepiscopi
839 536 872 596 et
896 532 1031 617 capituli
1054 534 1207 618 precibus
1230 535 1388 616 inclinati,
1412 543 1445 602 et
1461 540 1609 605 volentes
1634 541 1772 626 gratiam
1792 542 1852 606 tibi

193 634 303 698 facere
327 634 504 720 specialem
528 633 746 715 concedimus,
770 640 816 715 ut,
839 634 903 697 nisi
926 634 1013 698 aliud
1038 637 1228 702 canonicum
1244 639 1304 702 tibi
1321 641 1496 724 obstiterit,
1518 644 1624 709 libere
1649 647 1757 730 possis
1772 669 1849 732 pre-

192 735 321 801 bendas
345 737 485 802 retinere
509 737 683 822 predictas.

302 837 379 904 Dat.
402 839 554 906 Lateran.
578 839 612 903 II
636 839 714 904 Idus
737 840 872 926 Aprilis,
896 862 980 904 anno
1004 841 1159 906 secundo.

994 1294 1053 1367 59.

125 1459 137 1496 s
304 1402 492 1497 Honorius
515 1433 577 1498 ΙΙΙ
594 1454 679 1514 pinpo
700 1435 858 1498 universis
881 1433 1001 1500 Christi
1020 1436 1166 1517 fidelibus
1192 1459 1251 1518 per
1272 1439 1474 1503 Brcmcnscm
1501 1440 1645 1505 diocesim
1673 1441 1849 1503 constitutis

189 1535 358 1600 renuntiat
383 1537 709 1600 eccommunicclionis
738 1539 925 1600 sententium
954 1539 994 1601 ab
1023 1539 1240 1624 l[nnoccatio]
1267 1563 1355 1622 papa
1389 1543 1426 1605 ia
1459 1543 1695 1608 Waldemarum
1722 1543 1848 1622 eiusque

186 1640 335 1724 sacimas
353 1641 585 1722 promulpotum
607 1661 628 1702 o
650 1659 681 1703 sc
703 1658 768 1703 esse
790 1644 1015 1722 confirmatam.
1461 1648 1555 1725 1218,
1576 1646 1684 1727 April.
1708 1648 1759 1710 12.

295 1758 369 1814 Hoa.
390 1761 441 1812 III
457 1759 523 1828 Περ.
543 1759 604 1812 Lib.
623 1762 664 1827 ΙΙ,
684 1763 763 1813 1018.

296 1845 433 1909 Potitiost
452 1845 519 1913 ch.
540 1850 620 1900 5752.

112 2097 136 2132 ω
204 2057 440 2132 Universis
468 2057 633 2130 Christi
663 2058 873 2131 fidelibus
901 2077 979 2148 per
1006 2057 1295 2130 Bremensem
1322 2057 1533 2130 diocesim
1559 2058 1833 2131 constitutis,

298 2205 380 2272 Cum
403 2207 509 2270 felicis
532 2205 766 2271 recordationis
790 2204 817 2271 I.
841 2225 927 2290 papa
949 2205 1166 2290 predecessor
1186 2211 1300 2270 noster
1321 2205 1361 2270 ad
1376 2207 1651 2292 comprimendam
1674 2207 1844 2293 perfidiam

186 2310 319 2396 reprobi
341 2309 546 2374 Waldemari
568 2308 809 2374 denuntiaverit
832 2308 978 2372 lautores
1002 2309 1105 2394 ipsius
1130 2310 1232 2373 laicos
1256 2311 1614 2386 excommunicationis,
1638 2317 1672 2375 et
1691 2312 1841 2396 locaque

186 2415 294 2499 ipsum
319 2414 504 2499 reciperent
526 2414 560 2476 in
582 2414 731 2478 eiusdem
752 2413 922 2498 presentia
940 2413 1105 2477 interdicti
1124 2415 1295 2479 sententiis
1320 2414 1502 2494 subiacere,
1526 2436 1586 2478 nos
1602 2414 1705 2500 ipsius
1723 2413 1843 2499 prede-

185 2518 326 2581 cessoris
349 2517 452 2581 nostri
474 2517 623 2601 sestigiis
646 2517 853 2597 inherentes,
883 2515 1112 2581 denuntiamus
1142 2519 1444 2582 excommunicatos
1472 2517 1611 2602 predicti
1639 2516 1843 2580 Waldemari

109 2655 132 2689 rs
186 2619 344 2700 fautores,
380 2627 413 2684 et
443 2620 518 2684 loca
545 2641 607 2705 que
636 2621 743 2706 ipsum
778 2621 957 2706 recipiunt,
994 2621 1150 2706 quamdiu
1188 2622 1235 2685 ibi
1267 2621 1381 2701 fuerit,
1418 2621 1644 2685 ecclesiastico
1675 2620 1845 2705 supposita

186 2723 373 2790 interdicto.

294 2824 369 2889 Dat.
392 2824 546 2891 Lateran.
570 2827 605 2890 11
626 2826 705 2891 Idus
729 2826 865 2912 Aprilis,
889 2827 1098 2913 pontificatus
1121 2827 1225 2891 nostri
1248 2849 1334 2892 anno
1361 2826 1516 2893 secundo.

811 3056 1221 3063 ————---—-———-.

985 3299 1047 3370 60.

296 3407 483 3500 Hatra
505 3435 572 3500 ΠΙ
587 3458 676 3520 papa
698 3436 920 3522 [Hermanno]
946 3436 1097 3518 masao
1125 3441 1154 3500 a
1181 3435 1339 3516 fratribus
1361 3435 1541 3516 Hospitalis
1561 3441 1689 3502 sanae
1710 3437 1841 3502 Maria

184 3539 422 3604 Teutonicos-cm
454 3539 590 3604 &cimas
623 3543 726 3603 terrae
758 3540 795 3602 dc
826 3539 953 3616 Barea,
988 3539 1030 3602 iis
1063 3538 1103 3602 ab
1132 3538 1265 3602 Andrec
1298 3560 1367 3621 repe
1402 3540 1600 3622 Umerorum
1632 3543 1780 3619 collatae,
1813 3546 1843 3606 ct

104 3677 129 3712 so
181 3646 327 3709 ecclesias
354 3643 469 3707 ibidem
497 3643 726 3725 aedificandas,
757 3663 837 3724 pisos
863 3643 1084 3727 Wffilbclmas]
1113 3645 1272 3724 episcopas
1299 3644 1536 3710 Uitrasiloaacs
1563 3646 1605 3708 iis
1632 3645 1779 3710 cmacessit
1805 3644 1842 3707 dc

180 3766 333 3811 consensu
347 3747 480 3827 capitati
500 3748 560 3825 sui,
583 3748 754 3827 confirmat,
777 3751 911 3810 acorem
929 3747 1132 3810 concessionis
1153 3747 1255 3826 ipsias
1276 3748 1343 3811 suis
1358 3747 1471 3811 litteris
1489 3749 1670 3812 verbotenus
1685 3750 1836 3812 inserens.

1454 3852 1548 3928 1218,
1570 3849 1677 3930 April.
1701 3851 1752 3915 19.

287 3933 362 3991 Hos.
377 3935 432 3987 ΠΙ
446 3932 514 4002 neq.
539 3933 593 3987 Vol.
614 3937 638 3998 r,
655 3937 723 4001 2433
743 3934 805 3987 aa.
825 3936 866 3998 rr,
884 3937 963 3988 1019.

287 4019 422 4082 Politost,
440 4019 509 4091 Rey.
529 4023 612 4074 5⁷56.

102 4291 128 4326 „
257 4231 466 4323 Magistro
495 4236 536 4306 ct
566 4232 780 4306 fratribus
807 4233 1052 4325 Hospitalis
1083 4239 1236 4308 sancte
1262 4234 1394 4308 Maris
1421 4232 1765 4307 Teutonicorum

824 4353 1195 4428 lerosolimitane.

290 4501 371 4566 Cum
395 4501 531 4565 anobis
554 4502 678 4587 petitur
703 4507 764 4566 ete.
787 4523 907 4588 usque:
933 4503 1097 4568 effectum.
1143 4503 1226 4568 Cum
1251 4503 1351 4588 igitur
1370 4502 1582 4567 venerablilis
1605 4503 1707 4566 frater
1728 4506 1840 4565 noster

180 4604 237 4668 W.
261 4604 500 4670 Uitrasilvanus
535 4605 710 4690 episcopus
752 4606 962 4671 considerans
990 4607 1137 4692 pericula
1161 4613 1195 4672 et
1217 4607 1365 4684 labores,
1401 4627 1482 4690 quos
1511 4613 1631 4670 terram
1662 4604 1702 4669 de
1730 4603 1838 4668 Burzo

181 4729 318 4772 sacuam
341 4715 375 4772 et
396 4706 628 4786 inhabitatam,
656 4708 748 4772 vobis
772 4730 791 4772 a
819 4710 994 4774 karissimo
1022 4711 1056 4774 in
1080 4709 1210 4774 Christo
1243 4710 1309 4773 filio
1332 4714 1444 4772 nostro
1465 4707 1601 4772 Andrea
1627 4728 1705 4791 rege
1724 4706 1838 4792 Unga-

105 4845 130 4878 a.
182 4831 291 4875 rorum
324 4811 459 4888 illustri,
493 4809 534 4874 ad
564 4811 656 4875 ouius
686 4810 865 4876 dominium
893 4813 1059 4898 pertinere
1091 4813 1285 4893 dinoscitur,
1317 4813 1408 4897 regia
1434 4812 1650 4876 liberalitate⁸
1674 4811 1838 4888 collatam,

180 4911 388 4977 defendendo
412 4935 431 4978 a
453 4934 656 4999 paganorum
679 4914 864 4979 incursibus
888 4916 1076 4996 sustinetis,
1108 4915 1252 4980 decimas
1285 4916 1388 5001 ipsius
1412 4921 1498 4978 terre
1526 4913 1567 4976 ab
1587 4913 1661 4977 eius
1684 4914 1799 4978 incolis
1813 4913 1837 4990 l,

180 5023 247 5080 tam
275 5015 394 5080 futuris
427 5038 524 5102 quam
558 5013 786 5103 presentibus,
819 5017 1037 5098 exolvendae,
1072 5039 1202 5083 necnon
1238 5024 1271 5083 ct
1300 5018 1457 5083 eeclesias
1491 5014 1688 5080 edificandas
1716 5013 1838 5078 ibidem

179 5119 291 5186 domui
314 5126 423 5184 vestre
446 5118 487 5184 de
510 5140 674 5184 consensu
697 5120 832 5205 capituli
862 5121 913 5184 sui
943 5121 1162 5202 concesserit,
1192 5120 1326 5185 decimis
1347 5119 1555 5204 Ungarorum
1578 5123 1612 5183 ot
1634 5115 1837 5203 Syeulorum,

179 5224 206 5286 si
230 5245 289 5288 eos
312 5221 354 5286 ad
376 5221 496 5287 dictam
518 5228 640 5287 terram
662 5224 801 5288 transire
826 5224 1045 5307 contingeret,
1074 5229 1108 5288 et
1130 5223 1375 5309 presentatione
1404 5243 1423 5286 a
1449 5221 1542 5287 vobis
1570 5220 1611 5284 de
1633 5219 1836 5305 presbyteris

105 5358 128 5394 a
179 5324 390 5390 instituendis
413 5326 447 5388 in
477 5326 556 5411 ipsis
581 5327 731 5391 ecclesiis
761 5326 928 5406 facienda,
956 5348 1084 5392 necnon
1111 5326 1316 5390 iurisditione
1341 5345 1510 5390 causarum
1533 5323 1751 5388 criminalium
1774 5342 1836 5406 que

181 5429 223 5494 ad
247 5427 494 5493 destitutionem
520 5430 686 5515 portinent
709 5428 931 5508 sacerdotum,
955 5431 1185 5515 procuratione
1209 5449 1339 5514 quoque
1367 5429 1459 5493 iuxta
1481 5427 1618 5492 formam
1647 5426 1837 5490 canonicam

287 5653 309 5722 ⁵)
327 5655 444 5708 libertato
462 5655 494 5709 B.
575 5653 598 5722 b)
616 5657 727 5708 vinculis
745 5655 777 5710 Ii.

1577 5747 1612 5800 6.
