4524 6412
803 367 1002 422 EPISTOLAE
1020 369 1209 425 SELEC'l'AE.
1247 371 1322 425 1227.
1831 379 1891 439 'le

236 530 338 598 Terre
371 535 507 613 Sancte,
540 560 599 625 pro
629 560 693 623 quo
724 547 775 604 est
805 547 895 604 tanto
926 548 1073 628 tempore
1105 543 1306 622 laboratum,
1341 545 1474 631 dignum
1502 546 1655 612 duximus
1684 549 1893 635 interponere

235 642 347 720 partes
376 646 521 716 nostras,
556 648 589 705 et
623 643 700 728 igne
731 644 917 709 huiusmodi
946 653 1120 731 antequam
1154 649 1239 712 vires
1274 651 1508 735 assumpsisset
1542 652 1704 732 extincto,
1738 652 1892 736 gravibus

237 737 371 805 obviare
393 743 565 827 perieulis,
589 768 652 831 que
675 748 805 832 quidem
830 773 872 814 ex
895 751 972 828 lroe,
1003 752 1067 816 nisi
1089 754 1285 839 tempestive
1309 761 1552 835 occurreretur,
1576 760 1728 841 poterant
1750 754 1892 820 evenire.

239 839 316 927 Ipse
339 843 439 928 igitur
461 846 657 934 imperatore
681 873 719 916 ae
743 854 835 918 vebis
860 861 963 919 totum
979 857 1086 941 ipsum
1109 858 1277 942 negotium
1301 858 1335 921 in
1357 861 1469 922 nostra
1493 864 1526 921 et
1548 856 1684 921 fratrum
1707 864 1893 922 nostrerum

239 944 445 1027 providentia
473 956 506 1014 et
537 951 752 1039 dispositione
784 956 888 1022 libere
920 979 958 1022 ac
991 959 1142 1024 absolute
1176 960 1392 1046 ponentibus,
1424 961 1522 1047 idque
1557 960 1799 1026 declarantibus
1833 983 1893 1047 per

235 1047 363 1114 litteras
386 1059 420 1116 et
436 1052 572 1140 publica
599 1057 815 1124 instrumenta
847 1083 974 1127 necnon
1004 1084 1064 1149 per
1091 1064 1255 1128 solemnes
1284 1071 1511 1150 procuratores
1535 1071 1569 1130 et
1598 1065 1735 1129 nuncios
1758 1071 1892 1150 propter

235 1149 297 1215 hoc
319 1154 362 1219 ab
385 1162 522 1242 utraque
545 1166 639 1245 parte
662 1162 703 1226 ad
726 1171 870 1229 nostram
893 1167 1094 1251 presentiam
1118 1166 1316 1248 destinatos,
1349 1189 1421 1232 cum
1451 1169 1536 1232 inter
1566 1175 1676 1232 cetera
1703 1167 1820 1232 fuisset
1849 1189 1892 1233 ex

236 1262 329 1340 parte
352 1258 455 1344 ipsius
479 1262 686 1350 imperatoris
710 1269 922 1355 propositum,
946 1269 1032 1354 qued
1055 1270 1255 1356 impediente
1272 1273 1430 1336 societate
1453 1277 1564 1335 vestra
1585 1272 1778 1355 nequiverat
1800 1272 1892 1336 iuxta

238 1361 440 1445 propositum
476 1387 568 1430 suum
601 1369 780 1452 procedere
815 1379 927 1437 eontra
959 1375 1155 1458 pravitatem
1191 1369 1388 1448 hereticam,
1426 1395 1489 1458 que
1522 1381 1633 1460 partes
1666 1374 1739 1439 illas
1775 1373 1893 1438 dicitur

237 1463 382 1545 graviter
417 1467 586 1548 infecisse,
621 1493 658 1535 ae
693 1475 841 1539 relevere
874 1476 1062 1540 libertatem
1098 1478 1375 1556 eeclesiasticam,
1414 1498 1476 1563 que
1510 1476 1631 1542 ibidem
1666 1477 1892 1562 multipliciter

236 1567 447 1633 asserebatur
469 1593 644 1658 oppressa,
668 1597 728 1640 nec
753 1600 927 1664 procurare
952 1579 1132 1644 subsidium
1155 1580 1256 1645 Terre
1282 1581 1411 1654 Sancte,
1435 1587 1569 1666 propter
1594 1579 1680 1665 quod
1704 1580 1892 1665 specialiter

235 1669 277 1732 ad
306 1677 416 1756 partes
446 1674 533 1759 ipsas
568 1675 709 1742 duxerat
736 1681 971 1762 accedendum,
1007 1683 1158 1769 quodque
1191 1685 1314 1771 captivi
1349 1685 1411 1749 sibi
1440 1691 1554 1749 contra
1589 1684 1640 1748 ius
1675 1689 1709 1748 et
1735 1682 1891 1747 honorem

237 1773 366 1859 imperii
390 1776 519 1843 fuerant
542 1779 713 1866 denegati:
749 1806 825 1864 nos,
860 1785 911 1850 his
941 1792 974 1851 et
1002 1787 1075 1851 aliis
1105 1809 1167 1873 que
1196 1788 1328 1852 fuerunt
1359 1787 1434 1851 hine
1462 1786 1538 1852 inde
1567 1787 1734 1874 proposita
1762 1787 1891 1872 plenius

235 1876 428 1959 intellectis,
460 1880 500 1946 de
529 1885 736 1969 previdentia
763 1889 809 1952 sic
839 1889 990 1955 duximus
1021 1891 1248 1970 statuendum,
1281 1899 1317 1955 ut
1347 1891 1500 1955 videlicet
1531 1891 1602 1976 ipse
1631 1891 1811 1976 imperator
1832 1911 1890 1975 pre

238 1985 422 2049 reverentia
445 1987 523 2051 lesu
546 1987 669 2054 Christi
693 1999 727 2057 et
751 1995 883 2078 negotio
907 1994 1009 2060 Terre
1034 1995 1154 2060 Sancte
1179 2017 1238 2059 suo
1262 2002 1295 2060 et
1317 1995 1376 2059 filii
1399 1995 1449 2058 sui
1473 2015 1511 2058 ae
1535 1993 1662 2078 imperii
1685 1993 1815 2057 nomine
1840 1992 1890 2060 iis,

236 2087 292 2172 qui
315 2095 391 2152 sunt
413 2089 453 2154 de
476 2093 634 2159 societate
658 2096 840 2176 iamdicta,
864 2099 1094 2164 universaliter
1118 2100 1255 2184 singulis
1279 2104 1312 2162 et
1336 2097 1545 2182 singulariter
1560 2095 1722 2161 universis
1745 2097 1891 2161 remittat

236 2211 365 2256 ornnem
387 2215 567 2276 rancorem,
591 2198 866 2278 malevolentiam,
890 2202 1024 2265 iniurias
1048 2209 1081 2265 et
1106 2202 1258 2282 offensas,
1283 2201 1391 2264 omnia
1413 2220 1542 2284 quoque
1564 2198 1681 2277 banna,
1705 2199 1889 2262 constituti-

236 2315 330 2377 ones,
355 2299 534 2363 sententias
559 2306 592 2364 et
615 2299 856 2375 ordinamenta,
880 2325 943 2388 que
966 2303 1044 2369 fecit
1067 2305 1119 2368 vel
1144 2305 1300 2390 imposuit
1321 2324 1381 2389 per
1404 2323 1439 2366 se
1463 2303 1515 2366 vel
1538 2322 1597 2388 per
1618 2301 1734 2382 aliurn,
1765 2301 1889 2365 aliusve

235 2420 294 2485 pro
318 2421 356 2464 eo
381 2402 531 2466 societati
553 2404 607 2468 vel
630 2404 728 2468 alicui
751 2405 791 2470 de
816 2407 974 2471 societate
998 2406 1161 2493 predicta,
1194 2407 1398 2486 civitatibus,
1421 2406 1502 2471 locis
1527 2412 1561 2470 et
1582 2405 1732 2492 personis
1755 2405 1795 2470 de
1818 2406 1891 2491 ipsa

158 2526 169 2561 r
236 2503 409 2578 societate,
446 2511 479 2570 et
501 2527 694 2592 quecunque
718 2529 759 2573 ex
783 2510 830 2572 eis
854 2510 970 2574 veleb
994 2530 1034 2573 ea
1059 2516 1172 2574 secuta
1195 2516 1286 2588 sunt,
1313 2509 1444 2595 penitus
1468 2516 1617 2588 revocet,
1647 2514 1680 2573 et
1703 2509 1891 2595 specialiter

235 2609 502 2673 constitutionem
529 2609 649 2674 factam
680 2610 721 2675 de
750 2611 859 2676 studio
889 2620 922 2677 et
951 2612 1157 2678 studentibus
1185 2613 1350 2692 Bononie,
1379 2613 1551 2676 universos
1582 2619 1615 2676 et
1644 2612 1804 2696 singulos,
1835 2613 1890 2697 qui

235 2713 405 2776 occasione
428 2713 566 2777 alicuius
589 2713 809 2799 predictorum
833 2717 894 2779 lesi
917 2715 1078 2796 videntur,
1103 2718 1280 2781 restituens
1304 2717 1337 2780 in
1361 2716 1524 2801 integrum
1545 2717 1578 2779 in
1603 2715 1752 2780 omnibus
1776 2721 1809 2780 et
1831 2737 1891 2801 per

234 2817 344 2880 omnia
366 2838 426 2880 suo
450 2819 548 2881 statui
571 2825 669 2903 atque
692 2819 796 2898 farne,
821 2820 1015 2886 remittendo
1039 2822 1208 2886 infamiam
1231 2842 1360 2885 ornnem
1383 2827 1417 2885 et
1438 2840 1568 2906 penam,
1592 2840 1655 2904 que
1679 2825 1791 2884 secute
1815 2825 1890 2883 sunt

235 2921 408 3004 exaliqua
432 2920 669 3007 predictorum,
700 2922 747 2985 ita
770 2922 856 3007 quod
880 2945 919 2988 ca
942 2946 1004 3009 que
1029 2925 1137 2990 medio
1162 2933 1311 3010 tempore
1339 2945 1399 3010 per
1428 2945 1486 2987 eos
1515 2929 1589 2988 acta
1616 2929 1707 3003 sunt,
1736 2944 1800 2987 non
1830 2922 1888 2987 ob-

159 3051 170 3087 s
237 3024 399 3089 stantibus
416 3025 623 3111 supradictis,
648 3027 745 3090 robur
762 3026 938 3108 obtineant,
963 3028 1049 3113 quod
1064 3029 1146 3092 alias
1163 3026 1346 3092 debuerant
1361 3026 1519 3091 obtinere.
1565 3025 1619 3090 Ad
1641 3025 1703 3091 hee
1727 3027 1889 3102 civitates,

233 3129 306 3192 loca
329 3134 366 3193 et
393 3150 551 3215 personas
579 3129 620 3194 de
649 3129 719 3216 ipsa
754 3130 910 3195 societate
943 3132 1081 3217 recipiat
1109 3133 1142 3195 in
1170 3153 1228 3195 sue
1259 3130 1364 3215 gratie
1391 3129 1629 3216 plenitudinem
1658 3135 1692 3194 et
1720 3131 1768 3194 eis
1790 3130 1891 3193 faeiat

234 3233 358 3296 firmam
389 3254 519 3320 pacem,
550 3235 737 3319 specialiter
766 3235 945 3299 marchioni
975 3235 1226 3303 Montisferrati,
1259 3234 1462 3312 Mediolan0,
1495 3233 1681 3312 Placentie,
1716 3233 1889 3314 Vercellis,

234 3334 398 3416 Bononie,
420 3336 595 3416 Faventia,
619 3337 838 3417 Alexandrie,
862 3337 1021 3418 Taurino,
1048 3339 1177 3420 Laude,
1207 3338 1383 3423 Bergamo,
1412 3337 1545 3417 Brixia,
1573 3337 1723 3414 Mantua,
1746 3336 1888 3416 Verone,

234 3437 368 3518 Padue,
390 3439 560 3520 Vicentie,
584 3440 752 3520 Tervisio,
776 3439 913 3522 Creme,
938 3441 1089 3506 Ferrarie
1113 3448 1147 3506 et
1170 3442 1343 3507 comitibus
1366 3440 1407 3505 de
1429 3438 1623 3517 Blandrato,
1647 3440 1784 3524 aliisque
1807 3438 1888 3502 locis

158 3571 163 3606 ;
236 3549 269 3607 et
296 3543 445 3628 personis
476 3544 676 3630 quibuslibet
706 3545 874 3609 societatis
904 3545 1062 3610 eiusdem.
1111 3545 1226 3610 Faciat
1254 3545 1352 3610 etiam
1380 3544 1509 3608 restitui
1539 3543 1698 3629 captivos,
1730 3542 1785 3627 qui
1813 3547 1889 3605 suut

235 3646 322 3732 capti
346 3647 518 3712 occasione
536 3647 633 3711 huius
649 3647 823 3728 discordie,
847 3671 918 3713 eum
936 3650 1030 3713 bonis
1048 3671 1171 3726 eorum,
1195 3671 1233 3713 ac
1254 3650 1319 3714 alia
1336 3670 1399 3734 que
1418 3646 1589 3712 occasione
1606 3646 1709 3732 ipsius
1726 3643 1887 3709 discordie

235 3755 331 3835 capta
354 3757 429 3815 sunt
451 3751 505 3815 vel
527 3750 668 3815 detenta.
715 3752 855 3838 Insuper
877 3773 1005 3839 quoque
1022 3752 1121 3817 faeiat
1143 3753 1214 3817 fieri
1237 3757 1388 3838 patentes
1411 3751 1537 3814 litteras
1562 3769 1604 3812 ex
1627 3754 1719 3833 parte
1743 3747 1802 3812 filii
1826 3747 1887 3826 sui,

234 3853 321 3938 quod
354 3875 468 3940 pacem
502 3859 536 3918 et
570 3853 776 3918 concordiam
811 3856 906 3919 istam
943 3863 1046 3920 ratam
1080 3857 1217 3922 habebit
1251 3864 1285 3920 et
1319 3856 1458 3932 firmam,
1500 3858 1534 3917 et
1566 3852 1710 3916 remittet
1745 3851 1810 3914 illis
1844 3849 1886 3916 de

235 3957 392 4022 societate
412 3979 541 4022 omnem
563 3976 749 4038 rancorem,
773 3960 1051 4042 malevolentiam,
1075 3961 1210 4024 iniurias
1234 3966 1268 4023 et
1291 3959 1444 4022 offensas.
1489 3955 1547 4019 Hii
1570 3975 1647 4018 vero
1670 3954 1725 4038 qui
1749 3960 1824 4019 sunt
1846 3953 1887 4018 de

237 4062 395 4127 societate
423 4063 488 4126 iam
511 4062 614 4142 dieta,
647 4061 688 4126 ad
715 4061 873 4127 honorem
896 4062 961 4127 Dei
991 4064 1223 4149 omnipotentis
1252 4069 1285 4126 et
1313 4061 1455 4126 ecclesie
1486 4063 1598 4122 sancte
1629 4077 1688 4121 sue
1717 4077 1756 4121 ac
1784 4057 1887 4142 ipsius

235 4164 441 4250 imperatoris
468 4164 547 4230 dent
580 4165 688 4229 eidem
722 4165 911 4251 imperatori
945 4187 1004 4250 pro
1038 4165 1184 4230 subsidio
1212 4165 1314 4230 Terre
1344 4163 1464 4228 Sancte
1493 4162 1527 4225 iu
1557 4160 1712 4247 expensis
1740 4159 1887 4225 eiusdem

236 4268 401 4332 societatis
424 4289 484 4354 per
505 4268 674 4333 biennium
696 4269 817 4333 milites
833 4267 1099 4354 quadringentos,
1122 4290 1160 4332 ac
1175 4269 1372 4339 civitatibus,
1395 4267 1477 4332 locis
1500 4271 1534 4328 et
1554 4263 1704 4350 personis
1726 4263 1888 4349 imperiali
1944 4291 1951 4300 1

235 4372 434 4437 excellentie
456 4370 706 4450 adherentibus,
731 4379 796 4435 tarn
820 4372 1054 4436 ecclesiasticis
1079 4393 1175 4458 qnam
1197 4371 1389 4451 mundanis,
1412 4370 1534 4434 faciant
1555 4388 1671 4454 pacem
1694 4373 1728 4432 et
1749 4367 1887 4432 inviola-

235 4474 345 4540 biliter
367 4481 515 4553 servent,
545 4475 749 4541 remittentes
774 4475 822 4540 cis
846 4497 976 4541 omnem
998 4497 1185 4554 rancorem,
1214 4473 1496 4555 malevolentiam,
1519 4472 1653 4537 iniurias
1677 4477 1711 4536 et
1733 4472 1887 4550 offensas,

236 4600 275 4643 ac
297 4586 452 4645 revocent
474 4579 583 4643 emnia
605 4579 729 4658 banna,
760 4579 1027 4658 constitutiones,
1051 4580 1232 4644 sententias
1256 4585 1290 4643 et
1313 4577 1554 4656 ordinamenta,
1578 4595 1639 4661 que
1663 4575 1812 4640 fecerunt
1834 4575 1888 4640 vel

236 4683 463 4768 imposuerunt
485 4683 689 4763 civitatibus,
715 4682 796 4746 loeis
825 4689 859 4746 et
886 4683 1035 4768 personis
1065 4682 1226 4769 imperiali
1257 4680 1443 4747 celsitudini
1466 4678 1716 4756 adherentibus,
1744 4684 1778 4742 et
1806 4699 1887 4763 que-

236 4807 363 4872 cunque
387 4808 430 4851 ex
452 4785 501 4850 eis
532 4792 645 4850 secuta
674 4792 749 4850 sunt
770 4786 823 4850 vel
853 4786 895 4849 ob
924 4807 973 4850 ea.
1019 4784 1190 4871 Captivos,
1220 4787 1275 4871 qui
1298 4786 1471 4850 occasione
1494 4783 1590 4846 huius
1614 4781 1776 4847 discordie
1800 4782 1888 4868 eapti

238 4897 323 4968 sunt,
348 4912 421 4956 cum
442 4889 538 4954 bonis
561 4911 685 4968 eorum,
710 4896 745 4954 et
766 4889 832 4953 alia
855 4910 918 4974 que
942 4891 1114 4954 occasione
1139 4890 1243 4975 ipsius
1267 4889 1428 4954 discordie
1452 4893 1549 4973 capta
1571 4891 1646 4950 sunt
1667 4886 1721 4949 vel
1743 4883 1887 4959 detenta,

235 4996 426 5068 restituant,
450 4995 496 5058 ita
518 4993 615 5079 quod·
628 4992 823 5058 adherentes
848 4993 910 5078 ipsi
934 4993 1122 5081 imperatori
1145 4992 1296 5057 similiter
1317 4993 1365 5056 eis
1387 4992 1511 5056 faciant
1532 4995 1567 5054 et
1589 4989 1775 5053 observent.
1820 4987 1889 5052 Alii

236 5103 346 5162 autem
374 5097 493 5184 captivi
523 5095 701 5161 secundum
730 5096 781 5160 ius
804 5096 933 5181 imperii
954 5098 1184 5176 restituantur,
1215 5117 1287 5160 cum
1316 5097 1386 5181 ipse
1415 5096 1593 5180 imperator
1618 5092 1761 5176 legatum
1792 5111 1887 5155 suum

236 5202 269 5265 in
290 5199 520 5266 Lombardiam
543 5221 601 5286 pro
624 5220 704 5286 pace
728 5199 935 5264 reformanda
956 5201 1042 5264 inter
1064 5199 1231 5264 discordes
1254 5199 1385 5264 duxerit
1408 5195 1647 5264 destinandum.
1692 5192 1886 5259 Constituti-

236 5326 316 5370 ones
332 5326 421 5384 vero,
443 5306 536 5389 leges
560 5310 594 5368 et
617 5307 740 5366 statuta
763 5302 804 5368 ab
829 5303 969 5368 ecclesia
985 5302 1134 5367 Romana
1156 5309 1190 5368 et
1204 5302 1360 5368 Romanis
1378 5299 1630 5389 imperatoribus
1646 5304 1679 5362 et
1699 5297 1888 5384 specialiter

235 5408 278 5474 ab
301 5409 372 5494 ipso
395 5409 593 5494 imperatore
621 5413 734 5470 centra
760 5405 941 5488 hereticos,
972 5413 1211 5494 receptatores,
1242 5406 1449 5486 defensores,
1477 5402 1649 5469 credentes
1678 5407 1712 5466 et
1742 5401 1886 5467 fautores

236 5533 349 5578 eorum
371 5511 530 5576 haetenus
559 5511 766 5596 promulgata
793 5509 846 5573 vel
879 5510 1101 5596 inposterum
1129 5509 1366 5598 promulganda
1394 5509 1555 5596 recipiant
1583 5513 1616 5572 et
1638 5505 1815 5571 observent
1836 5506 1886 5570 in·
1962 5507 1965 5512 '

160 5651 185 5690 a
236 5615 434 5682 violabiliter
458 5619 491 5682 et
514 5613 691 5680 efficaciter
713 5620 932 5699 exequantur3
962 5614 1249 5680 constitutionibus
1271 5613 1524 5702 municipalibus
1547 5610 1644 5676 editis
1668 5615 1781 5674 contra
1803 5609 1886 5674 tales
