<?xml version="1.0" encoding="UTF-8"?>
<!DOCTYPE html PUBLIC "-//W3C//DTD XHTML 1.0 Transitional//EN"
    "http://www.w3.org/TR/xhtml1/DTD/xhtml1-transitional.dtd">
<html xmlns="http://www.w3.org/1999/xhtml" xml:lang="en" lang="en">
 <head>
  <title>
</title>
<meta http-equiv="Content-Type" content="text/html;charset=utf-8" />
  <meta name='ocr-system' content='tesseract 3.04.00' />
  <meta name='ocr-capabilities' content='ocr_page ocr_carea ocr_par ocr_line ocrx_word'/>
</head>
<body>
  <div class='ocr_page' id='page_1' title='image "./monumentagerman00peipgoog/monumentagerman00peipgoog_0530.png"; bbox 0 0 4576 6390; ppageno 0'>
   <div class='ocr_carea' id='block_1_1' title="bbox 775 377 1294 436">
    <p class='ocr_par' dir='ltr' id='par_1_1' title="bbox 775 377 1294 436">
     <span class='ocr_line' id='line_1_1' title="bbox 775 377 1294 436; baseline 0.004 -4"><span class='ocrx_word' id='word_1_1' title='bbox 775 377 975 434; x_wconf 77' lang='lat' dir='ltr'><strong>EPISTOLAE</strong></span> <span class='ocrx_word' id='word_1_2' title='bbox 992 377 1183 435; x_wconf 78' lang='lat' dir='ltr'><strong>SELECTAE.</strong></span> <span class='ocrx_word' id='word_1_3' title='bbox 1218 381 1294 436; x_wconf 73' lang='lat'>1235.</span> 
     </span>
    </p>
   </div>
   <div class='ocr_carea' id='block_1_2' title="bbox 426 623 1659 718">
    <p class='ocr_par' dir='ltr' id='par_1_2' title="bbox 426 623 1659 718">
     <span class='ocr_line' id='line_1_2' title="bbox 426 623 1659 718; baseline 0.006 -21"><span class='ocrx_word' id='word_1_4' title='bbox 426 624 604 698; x_wconf 84' lang='lat' dir='ltr'>Civibus</span> <span class='ocrx_word' id='word_1_5' title='bbox 630 623 994 716; x_wconf 79' lang='lat' dir='ltr'><strong>VellelrensibuS,</strong></span> <span class='ocrx_word' id='word_1_6' title='bbox 1022 628 1265 718; x_wconf 84' lang='lat' dir='ltr'><strong>apostolice</strong></span> <span class='ocrx_word' id='word_1_7' title='bbox 1292 629 1409 702; x_wconf 89' lang='lat' dir='ltr'><strong>sedis</strong></span> <span class='ocrx_word' id='word_1_8' title='bbox 1435 629 1659 706; x_wconf 83' lang='lat' dir='ltr'><strong>fidelibus.</strong></span> 
     </span>
    </p>
   </div>
   <div class='ocr_carea' id='block_1_3' title="bbox 132 774 2007 5304">
    <p class='ocr_par' dir='ltr' id='par_1_3' title="bbox 208 774 1865 1072">
     <span class='ocr_line' id='line_1_3' title="bbox 315 774 1865 864; baseline 0.004 -24"><span class='ocrx_word' id='word_1_9' title='bbox 315 775 461 859; x_wconf 80' lang='lat' dir='ltr'><strong>Antiqua</strong></span> <span class='ocrx_word' id='word_1_10' title='bbox 490 774 735 860; x_wconf 90' lang='lat' dir='ltr'><strong>progenitorum</strong></span> <span class='ocrx_word' id='word_1_11' title='bbox 764 781 948 839; x_wconf 88' lang='lat' dir='ltr'><strong>vestrorum</strong></span> <span class='ocrx_word' id='word_1_12' title='bbox 979 782 1013 840; x_wconf 87' lang='lat' dir='ltr'><strong>et</strong></span> <span class='ocrx_word' id='word_1_13' title='bbox 1042 783 1153 841; x_wconf 88' lang='lat' dir='ltr'><strong>vestra</strong></span> <span class='ocrx_word' id='word_1_14' title='bbox 1184 778 1326 842; x_wconf 84' lang='lat' dir='ltr'><strong>fidelitas</strong></span> <span class='ocrx_word' id='word_1_15' title='bbox 1355 778 1475 842; x_wconf 90' lang='lat' dir='ltr'><strong>dudum</strong></span> <span class='ocrx_word' id='word_1_16' title='bbox 1506 777 1547 842; x_wconf 91' lang='lat' dir='ltr'><strong>ab</strong></span> <span class='ocrx_word' id='word_1_17' title='bbox 1576 780 1758 864; x_wconf 86' lang='lat' dir='ltr'><strong>apostolica</strong></span> <span class='ocrx_word' id='word_1_18' title='bbox 1785 781 1865 846; x_wconf 87' lang='lat' dir='ltr'><strong>sede</strong></span> 
     </span>
     <span class='ocr_line' id='line_1_4' title="bbox 208 878 1865 970; baseline 0.004 -28"><span class='ocrx_word' id='word_1_19' title='bbox 208 879 387 965; x_wconf 78' lang='lat' dir='ltr'><strong>promeruit</strong></span> <span class='ocrx_word' id='word_1_20' title='bbox 410 878 577 941; x_wconf 88' lang='lat' dir='ltr'><strong>civitatem</strong></span> <span class='ocrx_word' id='word_1_21' title='bbox 600 883 742 942; x_wconf 88' lang='lat' dir='ltr'><strong>vestram</strong></span> <span class='ocrx_word' id='word_1_22' title='bbox 766 879 919 964; x_wconf 89' lang='lat' dir='ltr'><strong>specialis</strong></span> <span class='ocrx_word' id='word_1_23' title='bbox 944 881 1166 945; x_wconf 88' lang='lat' dir='ltr'><strong>munificentie</strong></span> <span class='ocrx_word' id='word_1_24' title='bbox 1190 883 1297 966; x_wconf 89' lang='lat' dir='ltr'><strong>gratia</strong></span> <span class='ocrx_word' id='word_1_25' title='bbox 1321 890 1354 948; x_wconf 91' lang='lat' dir='ltr'><strong>et</strong></span> <span class='ocrx_word' id='word_1_26' title='bbox 1378 882 1553 966; x_wconf 87' lang='lat' dir='ltr'><strong>singularis</strong></span> <span class='ocrx_word' id='word_1_27' title='bbox 1576 882 1740 948; x_wconf 75' lang='lat' dir='ltr'><strong>libertatis</strong></span> <span class='ocrx_word' id='word_1_28' title='bbox 1764 886 1865 970; x_wconf 91' lang='lat' dir='ltr'><strong>privi-</strong></span> 
     </span>
     <span class='ocr_line' id='line_1_5' title="bbox 208 980 1865 1072; baseline 0.005 -28"><span class='ocrx_word' id='word_1_29' title='bbox 208 982 296 1066; x_wconf 90' lang='lat' dir='ltr'><strong>legio</strong></span> <span class='ocrx_word' id='word_1_30' title='bbox 327 980 498 1060; x_wconf 90' lang='lat' dir='ltr'><strong>honorari,</strong></span> <span class='ocrx_word' id='word_1_31' title='bbox 530 986 567 1042; x_wconf 92' lang='lat' dir='ltr'><strong>ut</strong></span> <span class='ocrx_word' id='word_1_32' title='bbox 598 1002 768 1044; x_wconf 90' lang='lat' dir='ltr'><strong>munerum</strong></span> <span class='ocrx_word' id='word_1_33' title='bbox 801 981 955 1046; x_wconf 88' lang='lat' dir='ltr'><strong>donativa</strong></span> <span class='ocrx_word' id='word_1_34' title='bbox 982 984 1057 1046; x_wconf 89' lang='lat' dir='ltr'><strong>illos</strong></span> <span class='ocrx_word' id='word_1_35' title='bbox 1089 983 1271 1068; x_wconf 77' lang='lat' dir='ltr'><strong>gaudentes</strong></span> <span class='ocrx_word' id='word_1_36' title='bbox 1301 985 1448 1050; x_wconf 86' lang='lat' dir='ltr'><strong>efficeret</strong></span> <span class='ocrx_word' id='word_1_37' title='bbox 1477 1007 1515 1050; x_wconf 90' lang='lat' dir='ltr'><strong>ac</strong></span> <span class='ocrx_word' id='word_1_38' title='bbox 1545 985 1588 1050; x_wconf 90' lang='lat' dir='ltr'><strong>ad</strong></span> <span class='ocrx_word' id='word_1_39' title='bbox 1617 987 1865 1072; x_wconf 90' lang='lat' dir='ltr'><strong>obsequendum</strong></span> 
     </span>
    </p>

    <p class='ocr_par' dir='ltr' id='par_1_4' title="bbox 145 1084 2007 1584">
     <span class='ocr_line' id='line_1_6' title="bbox 145 1084 1866 1187; baseline 0.008 -45"><span class='ocrx_word' id='word_1_40' title='bbox 145 1105 156 1142; x_wconf 82' lang='lat' dir='ltr'><strong>s</strong></span> <span class='ocrx_word' id='word_1_41' title='bbox 210 1085 352 1149; x_wconf 82' lang='lat' dir='ltr'><strong>fideliter</strong></span> <span class='ocrx_word' id='word_1_42' title='bbox 373 1105 431 1148; x_wconf 87' lang='lat' dir='ltr'><strong>vos</strong></span> <span class='ocrx_word' id='word_1_43' title='bbox 460 1090 493 1146; x_wconf 90' lang='lat' dir='ltr'><strong>et</strong></span> <span class='ocrx_word' id='word_1_44' title='bbox 521 1089 671 1168; x_wconf 88' lang='lat' dir='ltr'><strong>posteros</strong></span> <span class='ocrx_word' id='word_1_45' title='bbox 703 1084 873 1148; x_wconf 89' lang='lat' dir='ltr'><strong>animaret.</strong></span> <span class='ocrx_word' id='word_1_46' title='bbox 919 1084 964 1148; x_wconf 93' lang='lat' dir='ltr'><strong>Ut</strong></span> <span class='ocrx_word' id='word_1_47' title='bbox 987 1092 1098 1149; x_wconf 89' lang='lat' dir='ltr'><strong>antem</strong></span> <span class='ocrx_word' id='word_1_48' title='bbox 1126 1093 1256 1187; x_wconf 89' lang='lat' dir='ltr'><strong>patrum</strong></span> <span class='ocrx_word' id='word_1_49' title='bbox 1280 1093 1464 1151; x_wconf 90' lang='lat' dir='ltr'><strong>vestrorum</strong></span> <span class='ocrx_word' id='word_1_50' title='bbox 1492 1090 1658 1154; x_wconf 88' lang='lat' dir='ltr'><strong>recensita</strong></span> <span class='ocrx_word' id='word_1_51' title='bbox 1681 1091 1866 1156; x_wconf 88' lang='lat' dir='ltr'><strong>constantia</strong></span> 
     </span>
     <span class='ocr_line' id='line_1_7' title="bbox 208 1186 1883 1279; baseline 0.002 -27"><span class='ocrx_word' id='word_1_52' title='bbox 208 1189 425 1254; x_wconf 88' lang='lat' dir='ltr'><strong>inflammaret</strong></span> <span class='ocrx_word' id='word_1_53' title='bbox 447 1186 614 1252; x_wconf 76' lang='lat' dir='ltr'><strong>ardentius</strong></span> <span class='ocrx_word' id='word_1_54' title='bbox 639 1186 680 1250; x_wconf 89' lang='lat' dir='ltr'><strong>ad</strong></span> <span class='ocrx_word' id='word_1_55' title='bbox 702 1188 817 1250; x_wconf 87' lang='lat' dir='ltr'><strong>matris</strong></span> <span class='ocrx_word' id='word_1_56' title='bbox 841 1188 999 1272; x_wconf 89' lang='lat' dir='ltr'><strong>obsequia</strong></span> <span class='ocrx_word' id='word_1_57' title='bbox 1022 1189 1266 1270; x_wconf 86' lang='lat' dir='ltr'><strong>cordavestra,</strong></span> <span class='ocrx_word' id='word_1_58' title='bbox 1290 1190 1397 1256; x_wconf 80' lang='lat' dir='ltr'><strong>felicis</strong></span> <span class='ocrx_word' id='word_1_59' title='bbox 1422 1192 1578 1256; x_wconf 88' lang='lat' dir='ltr'><strong>memorie</strong></span> <span class='ocrx_word' id='word_1_60' title='bbox 1601 1192 1755 1258; x_wconf 88' lang='lat' dir='ltr'><strong>Urbanus</strong></span> <span class='ocrx_word' id='word_1_61' title='bbox 1778 1214 1883 1279; x_wconf 87' lang='lat' dir='ltr'><strong>papa</strong></span> 
     </span>
     <span class='ocr_line' id='line_1_8' title="bbox 208 1290 1883 1381; baseline 0.004 -25"><span class='ocrx_word' id='word_1_62' title='bbox 208 1291 371 1358; x_wconf 90' lang='lat' dir='ltr'><strong>secundus</strong></span> <span class='ocrx_word' id='word_1_63' title='bbox 395 1291 427 1354; x_wconf 90' lang='lat' dir='ltr'><strong>in</strong></span> <span class='ocrx_word' id='word_1_64' title='bbox 452 1312 509 1354; x_wconf 91' lang='lat' dir='ltr'><strong>suo</strong></span> <span class='ocrx_word' id='word_1_65' title='bbox 534 1290 708 1377; x_wconf 89' lang='lat' dir='ltr'><strong>privilegio</strong></span> <span class='ocrx_word' id='word_1_66' title='bbox 725 1290 849 1354; x_wconf 89' lang='lat' dir='ltr'><strong>civitati</strong></span> <span class='ocrx_word' id='word_1_67' title='bbox 866 1298 975 1356; x_wconf 82' lang='lat' dir='ltr'><strong>vestre</strong></span> <span class='ocrx_word' id='word_1_68' title='bbox 1000 1295 1178 1358; x_wconf 84' lang='lat' dir='ltr'><strong>concesso¹</strong></span> <span class='ocrx_word' id='word_1_69' title='bbox 1201 1294 1242 1358; x_wconf 89' lang='lat' dir='ltr'><strong>ad</strong></span> <span class='ocrx_word' id='word_1_70' title='bbox 1265 1294 1446 1359; x_wconf 81' lang='lat' dir='ltr'><strong>futurorum</strong></span> <span class='ocrx_word' id='word_1_71' title='bbox 1465 1296 1656 1360; x_wconf 90' lang='lat' dir='ltr'><strong>memoriam</strong></span> <span class='ocrx_word' id='word_1_72' title='bbox 1671 1296 1883 1381; x_wconf 76' lang='lat' dir='ltr'><strong>diligentius,</strong></span> 
     </span>
     <span class='ocr_line' id='line_1_9' title="bbox 209 1394 1866 1485; baseline 0.003 -25"><span class='ocrx_word' id='word_1_73' title='bbox 209 1395 373 1474; x_wconf 89' lang='lat' dir='ltr'><strong>exaravit,</strong></span> <span class='ocrx_word' id='word_1_74' title='bbox 402 1394 542 1478; x_wconf 81' lang='lat' dir='ltr'><strong>qualiter</strong></span> <span class='ocrx_word' id='word_1_75' title='bbox 564 1414 622 1478; x_wconf 93' lang='lat' dir='ltr'><strong>pro</strong></span> <span class='ocrx_word' id='word_1_76' title='bbox 647 1395 790 1458; x_wconf 88' lang='lat' dir='ltr'><strong>ecclesia</strong></span> <span class='ocrx_word' id='word_1_77' title='bbox 813 1395 933 1459; x_wconf 88' lang='lat' dir='ltr'><strong>invicte</strong></span> <span class='ocrx_word' id='word_1_78' title='bbox 957 1395 1125 1460; x_wconf 87' lang='lat' dir='ltr'><strong>fidelitatis</strong></span> <span class='ocrx_word' id='word_1_79' title='bbox 1147 1404 1331 1462; x_wconf 90' lang='lat' dir='ltr'><strong>vestrorum</strong></span> <span class='ocrx_word' id='word_1_80' title='bbox 1353 1399 1508 1485; x_wconf 86' lang='lat' dir='ltr'><strong>prosapia</strong></span> <span class='ocrx_word' id='word_1_81' title='bbox 1530 1405 1693 1478; x_wconf 90' lang='lat' dir='ltr'><strong>veterum,</strong></span> <span class='ocrx_word' id='word_1_82' title='bbox 1725 1399 1866 1464; x_wconf 88' lang='lat' dir='ltr'><strong>ludibria</strong></span> 
     </span>
     <span class='ocr_line' id='line_1_10' title="bbox 207 1497 2007 1584; baseline 0.004 -21"><span class='ocrx_word' id='word_1_83' title='bbox 207 1504 346 1584; x_wconf 87' lang='lat' dir='ltr'><strong>experta</strong></span> <span class='ocrx_word' id='word_1_84' title='bbox 380 1505 413 1561; x_wconf 92' lang='lat' dir='ltr'><strong>et</strong></span> <span class='ocrx_word' id='word_1_85' title='bbox 443 1497 598 1573; x_wconf 84' lang='lat' dir='ltr'><strong>verbera,</strong></span> <span class='ocrx_word' id='word_1_86' title='bbox 634 1497 764 1562; x_wconf 91' lang='lat' dir='ltr'><strong>vincula</strong></span> <span class='ocrx_word' id='word_1_87' title='bbox 796 1505 829 1562; x_wconf 93' lang='lat' dir='ltr'><strong>et</strong></span> <span class='ocrx_word' id='word_1_88' title='bbox 861 1519 1026 1578; x_wconf 80' lang='lat' dir='ltr'><strong>carceres,</strong></span> <span class='ocrx_word' id='word_1_89' title='bbox 1063 1522 1101 1564; x_wconf 91' lang='lat' dir='ltr'><strong>ac</strong></span> <span class='ocrx_word' id='word_1_90' title='bbox 1132 1501 1265 1566; x_wconf 89' lang='lat' dir='ltr'><strong>tandem</strong></span> <span class='ocrx_word' id='word_1_91' title='bbox 1292 1502 1390 1566; x_wconf 92' lang='lat' dir='ltr'><strong>morti</strong></span> <span class='ocrx_word' id='word_1_92' title='bbox 1422 1501 1539 1566; x_wconf 90' lang='lat' dir='ltr'><strong>cedere</strong></span> <span class='ocrx_word' id='word_1_93' title='bbox 1574 1503 1702 1581; x_wconf 88' lang='lat' dir='ltr'><strong>nescia,</strong></span> <span class='ocrx_word' id='word_1_94' title='bbox 1735 1503 2007 1582; x_wconf 74' lang='lat' dir='ltr'><strong>cunctisnor.1,e,e.</strong></span> 
     </span>
    </p>

    <p class='ocr_par' dir='ltr' id='par_1_5' title="bbox 133 1599 1866 2102">
     <span class='ocr_line' id='line_1_11' title="bbox 133 1599 1866 1689; baseline 0.001 -22"><span class='ocrx_word' id='word_1_95' title='bbox 133 1628 158 1667; x_wconf 85' lang='lat'><strong>10</strong></span> <span class='ocrx_word' id='word_1_96' title='bbox 210 1601 350 1667; x_wconf 82' lang='lat' dir='ltr'><strong>ecclesie</strong></span> <span class='ocrx_word' id='word_1_97' title='bbox 379 1599 630 1664; x_wconf 89' lang='lat' dir='ltr'><strong>adversantibus</strong></span> <span class='ocrx_word' id='word_1_98' title='bbox 658 1600 774 1664; x_wconf 84' lang='lat' dir='ltr'><strong>fortior</strong></span> <span class='ocrx_word' id='word_1_99' title='bbox 803 1608 914 1666; x_wconf 90' lang='lat' dir='ltr'><strong>mente</strong></span> <span class='ocrx_word' id='word_1_100' title='bbox 945 1601 1017 1665; x_wconf 85' lang='lat' dir='ltr'><strong>fuit.</strong></span> <span class='ocrx_word' id='word_1_101' title='bbox 1066 1602 1110 1666; x_wconf 84' lang='lat' dir='ltr'><strong>Et</strong></span> <span class='ocrx_word' id='word_1_102' title='bbox 1139 1604 1215 1687; x_wconf 92' lang='lat' dir='ltr'><strong>quia</strong></span> <span class='ocrx_word' id='word_1_103' title='bbox 1248 1604 1281 1667; x_wconf 92' lang='lat' dir='ltr'><strong>in</strong></span> <span class='ocrx_word' id='word_1_104' title='bbox 1312 1604 1444 1668; x_wconf 81' lang='lat' dir='ltr'><strong>fornace</strong></span> <span class='ocrx_word' id='word_1_105' title='bbox 1475 1603 1696 1689; x_wconf 78' lang='lat' dir='ltr'><strong>tribulationis</strong></span> <span class='ocrx_word' id='word_1_106' title='bbox 1728 1604 1866 1689; x_wconf 90' lang='lat' dir='ltr'><strong>probata</strong></span> 
     </span>
     <span class='ocr_line' id='line_1_12' title="bbox 209 1702 1865 1791; baseline 0.003 -24"><span class='ocrx_word' id='word_1_107' title='bbox 209 1704 398 1789; x_wconf 87' lang='lat' dir='ltr'><strong>frequenter</strong></span> <span class='ocrx_word' id='word_1_108' title='bbox 421 1704 454 1766; x_wconf 88' lang='lat' dir='ltr'><strong>in</strong></span> <span class='ocrx_word' id='word_1_109' title='bbox 476 1703 626 1789; x_wconf 88' lang='lat' dir='ltr'><strong>preclara</strong></span> <span class='ocrx_word' id='word_1_110' title='bbox 647 1702 724 1766; x_wconf 90' lang='lat' dir='ltr'><strong>fidei</strong></span> <span class='ocrx_word' id='word_1_111' title='bbox 747 1704 889 1789; x_wconf 89' lang='lat' dir='ltr'><strong>puritate</strong></span> <span class='ocrx_word' id='word_1_112' title='bbox 913 1706 1004 1769; x_wconf 91' lang='lat' dir='ltr'><strong>velut</strong></span> <span class='ocrx_word' id='word_1_113' title='bbox 1027 1706 1173 1770; x_wconf 86' lang='lat' dir='ltr'><strong>obrizum</strong></span> <span class='ocrx_word' id='word_1_114' title='bbox 1196 1708 1333 1771; x_wconf 88' lang='lat' dir='ltr'><strong>rutilans</strong></span> <span class='ocrx_word' id='word_1_115' title='bbox 1356 1707 1490 1786; x_wconf 89' lang='lat' dir='ltr'><strong>micuit,</strong></span> <span class='ocrx_word' id='word_1_116' title='bbox 1514 1727 1588 1783; x_wconf 90' lang='lat' dir='ltr'><strong>vos,</strong></span> <span class='ocrx_word' id='word_1_117' title='bbox 1617 1714 1771 1791; x_wconf 89' lang='lat' dir='ltr'><strong>tanquam</strong></span> <span class='ocrx_word' id='word_1_118' title='bbox 1795 1708 1865 1772; x_wconf 92' lang='lat' dir='ltr'><strong>veri</strong></span> 
     </span>
     <span class='ocr_line' id='line_1_13' title="bbox 209 1807 1864 1896; baseline 0.001 -24"><span class='ocrx_word' id='word_1_119' title='bbox 209 1809 362 1894; x_wconf 89' lang='lat' dir='ltr'><strong>palmites</strong></span> <span class='ocrx_word' id='word_1_120' title='bbox 386 1828 429 1871; x_wconf 84' lang='lat' dir='ltr'><strong>ex</strong></span> <span class='ocrx_word' id='word_1_121' title='bbox 457 1807 562 1870; x_wconf 90' lang='lat' dir='ltr'><strong>nobili</strong></span> <span class='ocrx_word' id='word_1_122' title='bbox 589 1813 623 1870; x_wconf 89' lang='lat' dir='ltr'><strong>et</strong></span> <span class='ocrx_word' id='word_1_123' title='bbox 650 1807 862 1871; x_wconf 89' lang='lat' dir='ltr'><strong>memoranda</strong></span> <span class='ocrx_word' id='word_1_124' title='bbox 890 1808 946 1872; x_wconf 92' lang='lat' dir='ltr'><strong>illa</strong></span> <span class='ocrx_word' id='word_1_125' title='bbox 974 1810 1131 1895; x_wconf 89' lang='lat' dir='ltr'><strong>progenie</strong></span> <span class='ocrx_word' id='word_1_126' title='bbox 1162 1810 1365 1894; x_wconf 90' lang='lat' dir='ltr'><strong>pululantes,</strong></span> <span class='ocrx_word' id='word_1_127' title='bbox 1397 1810 1484 1873; x_wconf 91' lang='lat' dir='ltr'><strong>illius</strong></span> <span class='ocrx_word' id='word_1_128' title='bbox 1517 1810 1658 1872; x_wconf 91' lang='lat' dir='ltr'><strong>nitimini</strong></span> <span class='ocrx_word' id='word_1_129' title='bbox 1682 1832 1699 1875; x_wconf 95' lang='lat' dir='ltr'><strong>e</strong></span> <span class='ocrx_word' id='word_1_130' title='bbox 1723 1811 1864 1896; x_wconf 89' lang='lat' dir='ltr'><strong>vestigio</strong></span> 
     </span>
     <span class='ocr_line' id='line_1_14' title="bbox 211 1909 1863 1998; baseline 0.001 -24"><span class='ocrx_word' id='word_1_131' title='bbox 211 1911 329 1976; x_wconf 88' lang='lat' dir='ltr'><strong>sectari</strong></span> <span class='ocrx_word' id='word_1_132' title='bbox 353 1911 508 1994; x_wconf 90' lang='lat' dir='ltr'><strong>vestigia,</strong></span> <span class='ocrx_word' id='word_1_133' title='bbox 538 1909 614 1973; x_wconf 91' lang='lat' dir='ltr'><strong>dum</strong></span> <span class='ocrx_word' id='word_1_134' title='bbox 638 1930 696 1995; x_wconf 93' lang='lat' dir='ltr'><strong>pro</strong></span> <span class='ocrx_word' id='word_1_135' title='bbox 721 1909 799 1974; x_wconf 88' lang='lat' dir='ltr'><strong>sede</strong></span> <span class='ocrx_word' id='word_1_136' title='bbox 823 1912 1006 1997; x_wconf 88' lang='lat' dir='ltr'><strong>apostolica</strong></span> <span class='ocrx_word' id='word_1_137' title='bbox 1029 1912 1169 1998; x_wconf 88' lang='lat' dir='ltr'><strong>dampna</strong></span> <span class='ocrx_word' id='word_1_138' title='bbox 1193 1934 1302 1978; x_wconf 89' lang='lat' dir='ltr'><strong>rerum</strong></span> <span class='ocrx_word' id='word_1_139' title='bbox 1326 1918 1360 1978; x_wconf 89' lang='lat' dir='ltr'><strong>et</strong></span> <span class='ocrx_word' id='word_1_140' title='bbox 1383 1913 1581 1976; x_wconf 86' lang='lat' dir='ltr'><strong>exterminia</strong></span> <span class='ocrx_word' id='word_1_141' title='bbox 1602 1911 1761 1976; x_wconf 91' lang='lat' dir='ltr'><strong>bonorum</strong></span> <span class='ocrx_word' id='word_1_142' title='bbox 1785 1933 1863 1977; x_wconf 91' lang='lat' dir='ltr'><strong>con-</strong></span> 
     </span>
     <span class='ocr_line' id='line_1_15' title="bbox 209 2013 1863 2102; baseline 0.001 -26"><span class='ocrx_word' id='word_1_143' title='bbox 209 2014 399 2099; x_wconf 87' lang='lat' dir='ltr'><strong>tempnitis,</strong></span> <span class='ocrx_word' id='word_1_144' title='bbox 439 2034 597 2099; x_wconf 89' lang='lat' dir='ltr'><strong>personas</strong></span> <span class='ocrx_word' id='word_1_145' title='bbox 632 2013 788 2078; x_wconf 88' lang='lat' dir='ltr'><strong>audacter</strong></span> <span class='ocrx_word' id='word_1_146' title='bbox 821 2016 976 2100; x_wconf 90' lang='lat' dir='ltr'><strong>periculis</strong></span> <span class='ocrx_word' id='word_1_147' title='bbox 1011 2023 1216 2102; x_wconf 85' lang='lat' dir='ltr'><strong>exponentes</strong></span> <span class='ocrx_word' id='word_1_148' title='bbox 1252 2018 1285 2080; x_wconf 92' lang='lat' dir='ltr'><strong>in</strong></span> <span class='ocrx_word' id='word_1_149' title='bbox 1322 2016 1470 2081; x_wconf 83' lang='lat' dir='ltr'><strong>faucibus</strong></span> <span class='ocrx_word' id='word_1_150' title='bbox 1504 2016 1647 2080; x_wconf 90' lang='lat' dir='ltr'><strong>hostium</strong></span> <span class='ocrx_word' id='word_1_151' title='bbox 1683 2016 1863 2080; x_wconf 90' lang='lat' dir='ltr'><strong>constituti.</strong></span> 
     </span>
    </p>

    <p class='ocr_par' dir='ltr' id='par_1_6' title="bbox 144 2117 1885 4167">
     <span class='ocr_line' id='line_1_16' title="bbox 144 2117 1863 2205; baseline -0.002 -20"><span class='ocrx_word' id='word_1_152' title='bbox 144 2173 149 2186; x_wconf 90' lang='lat'>.</span> <span class='ocrx_word' id='word_1_153' title='bbox 210 2117 321 2196; x_wconf 91' lang='lat' dir='ltr'><strong>Unde,</strong></span> <span class='ocrx_word' id='word_1_154' title='bbox 352 2118 504 2202; x_wconf 89' lang='lat' dir='ltr'><strong>qnoniam</strong></span> <span class='ocrx_word' id='word_1_155' title='bbox 532 2117 565 2180; x_wconf 91' lang='lat' dir='ltr'><strong>in</strong></span> <span class='ocrx_word' id='word_1_156' title='bbox 594 2119 862 2204; x_wconf 87' lang='lat' dir='ltr'><strong>temptationibus</strong></span> <span class='ocrx_word' id='word_1_157' title='bbox 893 2121 1014 2184; x_wconf 90' lang='lat' dir='ltr'><strong>nostris</strong></span> <span class='ocrx_word' id='word_1_158' title='bbox 1044 2121 1244 2205; x_wconf 88' lang='lat' dir='ltr'><strong>permanetis</strong></span> <span class='ocrx_word' id='word_1_159' title='bbox 1275 2120 1460 2198; x_wconf 91' lang='lat' dir='ltr'><strong>nobiscum,</strong></span> <span class='ocrx_word' id='word_1_160' title='bbox 1490 2119 1631 2184; x_wconf 87' lang='lat' dir='ltr'><strong>fideliter</strong></span> <span class='ocrx_word' id='word_1_161' title='bbox 1661 2118 1863 2205; x_wconf 84' lang='lat' dir='ltr'><strong>disponimus</strong></span> 
     </span>
     <span class='ocr_line' id='line_1_17' title="bbox 210 2220 1864 2309; baseline 0.002 -27"><span class='ocrx_word' id='word_1_162' title='bbox 210 2241 268 2284; x_wconf 94' lang='lat' dir='ltr'><strong>vos</strong></span> <span class='ocrx_word' id='word_1_163' title='bbox 285 2220 375 2285; x_wconf 92' lang='lat' dir='ltr'><strong>velut</strong></span> <span class='ocrx_word' id='word_1_164' title='bbox 398 2220 612 2284; x_wconf 86' lang='lat' dir='ltr'><strong>domesticam</strong></span> <span class='ocrx_word' id='word_1_165' title='bbox 631 2221 787 2285; x_wconf 88' lang='lat' dir='ltr'><strong>familiam</strong></span> <span class='ocrx_word' id='word_1_166' title='bbox 812 2222 845 2284; x_wconf 91' lang='lat' dir='ltr'><strong>in</strong></span> <span class='ocrx_word' id='word_1_167' title='bbox 870 2223 944 2286; x_wconf 89' lang='lat' dir='ltr'><strong>sinu</strong></span> <span class='ocrx_word' id='word_1_168' title='bbox 967 2224 1080 2287; x_wconf 91' lang='lat' dir='ltr'><strong>matris</strong></span> <span class='ocrx_word' id='word_1_169' title='bbox 1097 2223 1287 2307; x_wconf 88' lang='lat' dir='ltr'><strong>diligentius</strong></span> <span class='ocrx_word' id='word_1_170' title='bbox 1305 2223 1490 2302; x_wconf 84' lang='lat' dir='ltr'><strong>confovere,</strong></span> <span class='ocrx_word' id='word_1_171' title='bbox 1514 2222 1652 2306; x_wconf 91' lang='lat' dir='ltr'><strong>diligere</strong></span> <span class='ocrx_word' id='word_1_172' title='bbox 1669 2222 1864 2309; x_wconf 83' lang='lat' dir='ltr'><strong>propensius</strong></span> 
     </span>
     <span class='ocr_line' id='line_1_18' title="bbox 210 2324 1864 2412; baseline -0.001 -23"><span class='ocrx_word' id='word_1_173' title='bbox 210 2331 243 2389; x_wconf 90' lang='lat' dir='ltr'><strong>et</strong></span> <span class='ocrx_word' id='word_1_174' title='bbox 266 2329 422 2388; x_wconf 89' lang='lat' dir='ltr'><strong>consuete</strong></span> <span class='ocrx_word' id='word_1_175' title='bbox 438 2324 602 2388; x_wconf 89' lang='lat' dir='ltr'><strong>libertatis</strong></span> <span class='ocrx_word' id='word_1_176' title='bbox 626 2325 777 2409; x_wconf 91' lang='lat' dir='ltr'><strong>insigniis</strong></span> <span class='ocrx_word' id='word_1_177' title='bbox 794 2325 962 2391; x_wconf 89' lang='lat' dir='ltr'><strong>decorare.</strong></span> <span class='ocrx_word' id='word_1_178' title='bbox 1007 2327 1095 2390; x_wconf 89' lang='lat' dir='ltr'><strong>Hinc</strong></span> <span class='ocrx_word' id='word_1_179' title='bbox 1120 2335 1180 2404; x_wconf 90' lang='lat' dir='ltr'><strong>est,</strong></span> <span class='ocrx_word' id='word_1_180' title='bbox 1205 2326 1290 2412; x_wconf 94' lang='lat' dir='ltr'><strong>quod</strong></span> <span class='ocrx_word' id='word_1_181' title='bbox 1313 2347 1373 2390; x_wconf 91' lang='lat' dir='ltr'><strong>nos</strong></span> <span class='ocrx_word' id='word_1_182' title='bbox 1389 2325 1560 2389; x_wconf 91' lang='lat' dir='ltr'><strong>libertates</strong></span> <span class='ocrx_word' id='word_1_183' title='bbox 1585 2331 1619 2389; x_wconf 90' lang='lat' dir='ltr'><strong>et</strong></span> <span class='ocrx_word' id='word_1_184' title='bbox 1641 2324 1864 2389; x_wconf 87' lang='lat' dir='ltr'><strong>immunitates</strong></span> 
     </span>
     <span class='ocr_line' id='line_1_19' title="bbox 209 2427 1864 2494; baseline 0 -4"><span class='ocrx_word' id='word_1_185' title='bbox 209 2427 302 2491; x_wconf 90' lang='lat' dir='ltr'><strong>vobis</strong></span> <span class='ocrx_word' id='word_1_186' title='bbox 327 2447 500 2492; x_wconf 88' lang='lat' dir='ltr'><strong>concessas</strong></span> <span class='ocrx_word' id='word_1_187' title='bbox 525 2432 558 2491; x_wconf 87' lang='lat' dir='ltr'><strong>et</strong></span> <span class='ocrx_word' id='word_1_188' title='bbox 582 2427 838 2493; x_wconf 89' lang='lat' dir='ltr'><strong>consuetudines</strong></span> <span class='ocrx_word' id='word_1_189' title='bbox 855 2430 1062 2494; x_wconf 84' lang='lat' dir='ltr'><strong>confirmatas</strong></span> <span class='ocrx_word' id='word_1_190' title='bbox 1086 2451 1105 2493; x_wconf 88' lang='lat' dir='ltr'><strong>a</strong></span> <span class='ocrx_word' id='word_1_191' title='bbox 1128 2430 1234 2494; x_wconf 82' lang='lat' dir='ltr'><strong>felicis</strong></span> <span class='ocrx_word' id='word_1_192' title='bbox 1258 2430 1493 2494; x_wconf 90' lang='lat' dir='ltr'><strong>recordationis</strong></span> <span class='ocrx_word' id='word_1_193' title='bbox 1510 2427 1663 2492; x_wconf 89' lang='lat' dir='ltr'><strong>Paschali</strong></span> <span class='ocrx_word' id='word_1_194' title='bbox 1682 2435 1715 2492; x_wconf 91' lang='lat' dir='ltr'><strong>et</strong></span> <span class='ocrx_word' id='word_1_195' title='bbox 1730 2427 1864 2492; x_wconf 91' lang='lat' dir='ltr'><strong>Urbano</strong></span> 
     </span>
     <span class='ocr_line' id='line_1_20' title="bbox 210 2530 1885 2619; baseline 0 -24"><span class='ocrx_word' id='word_1_196' title='bbox 210 2530 502 2619; x_wconf 86' lang='lat' dir='ltr'><strong>predecessoribus</strong></span> <span class='ocrx_word' id='word_1_197' title='bbox 525 2531 646 2594; x_wconf 88' lang='lat' dir='ltr'><strong>uostris</strong></span> <span class='ocrx_word' id='word_1_198' title='bbox 667 2530 826 2596; x_wconf 85' lang='lat' dir='ltr'><strong>Romanis</strong></span> <span class='ocrx_word' id='word_1_199' title='bbox 855 2533 1064 2619; x_wconf 85' lang='lat' dir='ltr'><strong>pontificibus</strong></span> <span class='ocrx_word' id='word_1_200' title='bbox 1088 2538 1122 2597; x_wconf 87' lang='lat' dir='ltr'><strong>et</strong></span> <span class='ocrx_word' id='word_1_201' title='bbox 1147 2534 1308 2598; x_wconf 85' lang='lat' dir='ltr'><strong>hactenus</strong></span> <span class='ocrx_word' id='word_1_202' title='bbox 1337 2533 1528 2597; x_wconf 88' lang='lat' dir='ltr'><strong>observatas</strong></span> <span class='ocrx_word' id='word_1_203' title='bbox 1551 2530 1645 2595; x_wconf 88' lang='lat' dir='ltr'><strong>vobis</strong></span> <span class='ocrx_word' id='word_1_204' title='bbox 1668 2531 1885 2619; x_wconf 34' lang='lat' dir='ltr'><strong>auctoritate·</strong></span> 
     </span>
     <span class='ocr_line' id='line_1_21' title="bbox 211 2634 1862 2722; baseline -0.002 -23"><span class='ocrx_word' id='word_1_205' title='bbox 211 2635 391 2722; x_wconf 89' lang='lat' dir='ltr'><strong>apostolica</strong></span> <span class='ocrx_word' id='word_1_206' title='bbox 415 2634 642 2698; x_wconf 87' lang='lat' dir='ltr'><strong>confirmamus</strong></span> <span class='ocrx_word' id='word_1_207' title='bbox 666 2641 698 2698; x_wconf 91' lang='lat' dir='ltr'><strong>ct</strong></span> <span class='ocrx_word' id='word_1_208' title='bbox 722 2655 895 2700; x_wconf 87' lang='lat' dir='ltr'><strong>censemus</strong></span> <span class='ocrx_word' id='word_1_209' title='bbox 918 2636 952 2699; x_wconf 92' lang='lat' dir='ltr'><strong>in</strong></span> <span class='ocrx_word' id='word_1_210' title='bbox 975 2644 1143 2722; x_wconf 87' lang='lat' dir='ltr'><strong>posterum</strong></span> <span class='ocrx_word' id='word_1_211' title='bbox 1164 2636 1401 2711; x_wconf 89' lang='lat' dir='ltr'><strong>observandas;</strong></span> <span class='ocrx_word' id='word_1_212' title='bbox 1424 2655 1482 2698; x_wconf 94' lang='lat' dir='ltr'><strong>vos</strong></span> <span class='ocrx_word' id='word_1_213' title='bbox 1506 2641 1616 2699; x_wconf 89' lang='lat' dir='ltr'><strong>autem</strong></span> <span class='ocrx_word' id='word_1_214' title='bbox 1639 2641 1750 2699; x_wconf 89' lang='lat' dir='ltr'><strong>nostre</strong></span> <span class='ocrx_word' id='word_1_215' title='bbox 1773 2634 1862 2698; x_wconf 89' lang='lat' dir='ltr'><strong>curie</strong></span> 
     </span>
     <span class='ocr_line' id='line_1_22' title="bbox 209 2737 1863 2823; baseline -0.002 -20"><span class='ocrx_word' id='word_1_216' title='bbox 209 2739 306 2803; x_wconf 89' lang='lat' dir='ltr'><strong>unius</strong></span> <span class='ocrx_word' id='word_1_217' title='bbox 334 2738 546 2801; x_wconf 91' lang='lat' dir='ltr'><strong>comestionis</strong></span> <span class='ocrx_word' id='word_1_218' title='bbox 569 2737 741 2823; x_wconf 89' lang='lat' dir='ltr'><strong>pabulum,</strong></span> <span class='ocrx_word' id='word_1_219' title='bbox 773 2738 1013 2823; x_wconf 88' lang='lat' dir='ltr'><strong>parlamentum</strong></span> <span class='ocrx_word' id='word_1_220' title='bbox 1037 2739 1136 2803; x_wconf 90' lang='lat' dir='ltr'><strong>etiam</strong></span> <span class='ocrx_word' id='word_1_221' title='bbox 1159 2760 1286 2803; x_wconf 88' lang='lat' dir='ltr'><strong>necnon</strong></span> <span class='ocrx_word' id='word_1_222' title='bbox 1310 2746 1344 2802; x_wconf 91' lang='lat' dir='ltr'><strong>et</strong></span> <span class='ocrx_word' id='word_1_223' title='bbox 1374 2738 1502 2803; x_wconf 89' lang='lat' dir='ltr'><strong>hostem</strong></span> <span class='ocrx_word' id='word_1_224' title='bbox 1525 2759 1584 2823; x_wconf 94' lang='lat' dir='ltr'><strong>per</strong></span> <span class='ocrx_word' id='word_1_225' title='bbox 1606 2737 1804 2802; x_wconf 87' lang='lat' dir='ltr'><strong>Maritimam</strong></span> <span class='ocrx_word' id='word_1_226' title='bbox 1829 2744 1863 2802; x_wconf 93' lang='lat' dir='ltr'><strong>et</strong></span> 
     </span>
     <span class='ocr_line' id='line_1_23' title="bbox 211 2839 1864 2930; baseline -0.001 -24"><span class='ocrx_word' id='word_1_227' title='bbox 211 2841 424 2927; x_wconf 85' lang='lat' dir='ltr'><strong>Campaniam</strong></span> <span class='ocrx_word' id='word_1_228' title='bbox 446 2839 585 2905; x_wconf 83' lang='lat' dir='ltr'><strong>iacietis.</strong></span> <span class='ocrx_word' id='word_1_229' title='bbox 629 2840 683 2905; x_wconf 86' lang='lat' dir='ltr'><strong>Ad</strong></span> <span class='ocrx_word' id='word_1_230' title='bbox 713 2845 884 2929; x_wconf 91' lang='lat' dir='ltr'><strong>exemplar</strong></span> <span class='ocrx_word' id='word_1_231' title='bbox 913 2850 1024 2908; x_wconf 90' lang='lat' dir='ltr'><strong>autem</strong></span> <span class='ocrx_word' id='word_1_232' title='bbox 1055 2843 1325 2930; x_wconf 89' lang='lat' dir='ltr'><strong>predecessorum</strong></span> <span class='ocrx_word' id='word_1_233' title='bbox 1355 2849 1539 2906; x_wconf 87' lang='lat' dir='ltr'><strong>nostrorum</strong></span> <span class='ocrx_word' id='word_1_234' title='bbox 1565 2841 1717 2927; x_wconf 84' lang='lat' dir='ltr'><strong>Gregorii</strong></span> <span class='ocrx_word' id='word_1_235' title='bbox 1739 2841 1806 2904; x_wconf 83' lang='lat' dir='ltr'><strong>VII</strong></span> <span class='ocrx_word' id='word_1_236' title='bbox 1829 2848 1864 2904; x_wconf 90' lang='lat' dir='ltr'><strong>et</strong></span> 
     </span>
     <span class='ocr_line' id='line_1_24' title="bbox 210 2943 1863 3031; baseline -0.001 -22"><span class='ocrx_word' id='word_1_237' title='bbox 210 2945 336 3009; x_wconf 87' lang='lat' dir='ltr'><strong>Urbani</strong></span> <span class='ocrx_word' id='word_1_238' title='bbox 378 2965 491 3008; x_wconf 91' lang='lat' dir='ltr'><strong>omnes</strong></span> <span class='ocrx_word' id='word_1_239' title='bbox 525 2944 780 3010; x_wconf 90' lang='lat' dir='ltr'><strong>consuetudines</strong></span> <span class='ocrx_word' id='word_1_240' title='bbox 814 2953 848 3010; x_wconf 90' lang='lat' dir='ltr'><strong>et</strong></span> <span class='ocrx_word' id='word_1_241' title='bbox 880 2947 1072 3011; x_wconf 87' lang='lat' dir='ltr'><strong>exactiones</strong></span> <span class='ocrx_word' id='word_1_242' title='bbox 1108 2967 1207 3031; x_wconf 90' lang='lat' dir='ltr'><strong>super</strong></span> <span class='ocrx_word' id='word_1_243' title='bbox 1241 2966 1299 3009; x_wconf 91' lang='lat' dir='ltr'><strong>vos</strong></span> <span class='ocrx_word' id='word_1_244' title='bbox 1333 2967 1353 3009; x_wconf 89' lang='lat' dir='ltr'><strong>a</strong></span> <span class='ocrx_word' id='word_1_245' title='bbox 1387 2944 1626 3031; x_wconf 90' lang='lat' dir='ltr'><strong>potentioribus</strong></span> <span class='ocrx_word' id='word_1_246' title='bbox 1661 2943 1863 3009; x_wconf 89' lang='lat' dir='ltr'><strong>introductas</strong></span> 
     </span>
     <span class='ocr_line' id='line_1_25' title="bbox 211 3047 1864 3135; baseline 0 -23"><span class='ocrx_word' id='word_1_247' title='bbox 211 3048 405 3113; x_wconf 89' lang='lat' dir='ltr'><strong>auctoritate</strong></span> <span class='ocrx_word' id='word_1_248' title='bbox 429 3049 632 3133; x_wconf 90' lang='lat' dir='ltr'><strong>presentium</strong></span> <span class='ocrx_word' id='word_1_249' title='bbox 648 3048 832 3128; x_wconf 76' lang='lat' dir='ltr'><strong>abolentes,</strong></span> <span class='ocrx_word' id='word_1_250' title='bbox 857 3049 1095 3130; x_wconf 88' lang='lat' dir='ltr'><strong>interdicimus,</strong></span> <span class='ocrx_word' id='word_1_251' title='bbox 1118 3070 1159 3114; x_wconf 92' lang='lat' dir='ltr'><strong>ne</strong></span> <span class='ocrx_word' id='word_1_252' title='bbox 1183 3049 1246 3134; x_wconf 88' lang='lat' dir='ltr'><strong>ipsi</strong></span> <span class='ocrx_word' id='word_1_253' title='bbox 1269 3056 1459 3135; x_wconf 86' lang='lat' dir='ltr'><strong>presumant</strong></span> <span class='ocrx_word' id='word_1_254' title='bbox 1474 3048 1515 3112; x_wconf 91' lang='lat' dir='ltr'><strong>de</strong></span> <span class='ocrx_word' id='word_1_255' title='bbox 1540 3055 1651 3114; x_wconf 90' lang='lat' dir='ltr'><strong>cetero</strong></span> <span class='ocrx_word' id='word_1_256' title='bbox 1674 3047 1864 3134; x_wconf 81' lang='lat' dir='ltr'><strong>gravamina</strong></span> 
     </span>
     <span class='ocr_line' id='line_1_26' title="bbox 212 3151 1863 3238; baseline -0.002 -21"><span class='ocrx_word' id='word_1_257' title='bbox 212 3154 305 3218; x_wconf 89' lang='lat' dir='ltr'><strong>vobis</strong></span> <span class='ocrx_word' id='word_1_258' title='bbox 334 3153 502 3238; x_wconf 90' lang='lat' dir='ltr'><strong>imponere</strong></span> <span class='ocrx_word' id='word_1_259' title='bbox 526 3154 578 3218; x_wconf 90' lang='lat' dir='ltr'><strong>vel</strong></span> <span class='ocrx_word' id='word_1_260' title='bbox 607 3174 666 3216; x_wconf 90' lang='lat' dir='ltr'><strong>sue</strong></span> <span class='ocrx_word' id='word_1_261' title='bbox 698 3153 848 3219; x_wconf 89' lang='lat' dir='ltr'><strong>subicere</strong></span> <span class='ocrx_word' id='word_1_262' title='bbox 878 3153 1009 3231; x_wconf 89' lang='lat' dir='ltr'><strong>ditioni,</strong></span> <span class='ocrx_word' id='word_1_263' title='bbox 1038 3174 1111 3216; x_wconf 91' lang='lat' dir='ltr'><strong>cum</strong></span> <span class='ocrx_word' id='word_1_264' title='bbox 1140 3153 1200 3216; x_wconf 92' lang='lat' dir='ltr'><strong>sub</strong></span> <span class='ocrx_word' id='word_1_265' title='bbox 1229 3151 1454 3216; x_wconf 91' lang='lat' dir='ltr'><strong>iurisdictione</strong></span> <span class='ocrx_word' id='word_1_266' title='bbox 1484 3157 1610 3215; x_wconf 90' lang='lat' dir='ltr'><strong>tantum</strong></span> <span class='ocrx_word' id='word_1_267' title='bbox 1634 3173 1671 3215; x_wconf 90' lang='grc'><strong>99</strong></span> <span class='ocrx_word' id='word_1_268' title='bbox 1699 3157 1863 3238; x_wconf 87' lang='lat' dir='ltr'><strong>potestate</strong></span> 
     </span>
     <span class='ocr_line' id='line_1_27' title="bbox 210 3254 1861 3343; baseline -0.004 -21"><span class='ocrx_word' id='word_1_269' title='bbox 210 3257 391 3343; x_wconf 90' lang='lat' dir='ltr'><strong>apostolice</strong></span> <span class='ocrx_word' id='word_1_270' title='bbox 416 3255 504 3320; x_wconf 87' lang='lat' dir='ltr'><strong>sedis</strong></span> <span class='ocrx_word' id='word_1_271' title='bbox 528 3261 692 3341; x_wconf 88' lang='lat' dir='ltr'><strong>tamquam</strong></span> <span class='ocrx_word' id='word_1_272' title='bbox 716 3257 877 3341; x_wconf 83' lang='lat' dir='ltr'><strong>speciales</strong></span> <span class='ocrx_word' id='word_1_273' title='bbox 900 3257 959 3320; x_wconf 92' lang='lat' dir='ltr'><strong>filii</strong></span> <span class='ocrx_word' id='word_1_274' title='bbox 983 3262 1016 3320; x_wconf 90' lang='lat' dir='ltr'><strong>et</strong></span> <span class='ocrx_word' id='word_1_275' title='bbox 1039 3256 1154 3320; x_wconf 85' lang='lat' dir='ltr'><strong>fideles</strong></span> <span class='ocrx_word' id='word_1_276' title='bbox 1172 3255 1321 3319; x_wconf 89' lang='lat' dir='ltr'><strong>debeatis</strong></span> <span class='ocrx_word' id='word_1_277' title='bbox 1338 3255 1448 3339; x_wconf 88' lang='lat' dir='ltr'><strong>quiete</strong></span> <span class='ocrx_word' id='word_1_278' title='bbox 1475 3275 1513 3318; x_wconf 92' lang='lat' dir='ltr'><strong>ac</strong></span> <span class='ocrx_word' id='word_1_279' title='bbox 1535 3254 1640 3319; x_wconf 89' lang='lat' dir='ltr'><strong>libere</strong></span> <span class='ocrx_word' id='word_1_280' title='bbox 1656 3273 1861 3340; x_wconf 89' lang='lat' dir='ltr'><strong>permanere.</strong></span> 
     </span>
     <span class='ocr_line' id='line_1_28' title="bbox 211 3354 1864 3443; baseline -0.005 -17"><span class='ocrx_word' id='word_1_281' title='bbox 211 3361 297 3426; x_wconf 87' lang='lat' dir='ltr'><strong>Sane</strong></span> <span class='ocrx_word' id='word_1_282' title='bbox 339 3359 479 3424; x_wconf 90' lang='lat' dir='ltr'><strong>civitatis</strong></span> <span class='ocrx_word' id='word_1_283' title='bbox 511 3365 620 3423; x_wconf 89' lang='lat' dir='ltr'><strong>vestre</strong></span> <span class='ocrx_word' id='word_1_284' title='bbox 655 3359 856 3423; x_wconf 88' lang='lat' dir='ltr'><strong>habitatores</strong></span> <span class='ocrx_word' id='word_1_285' title='bbox 896 3381 1024 3424; x_wconf 90' lang='lat' dir='ltr'><strong>necnon</strong></span> <span class='ocrx_word' id='word_1_286' title='bbox 1059 3365 1093 3423; x_wconf 92' lang='lat' dir='ltr'><strong>et</strong></span> <span class='ocrx_word' id='word_1_287' title='bbox 1128 3359 1279 3443; x_wconf 85' lang='lat' dir='ltr'><strong>antiquos</strong></span> <span class='ocrx_word' id='word_1_288' title='bbox 1316 3357 1397 3421; x_wconf 87' lang='lat' dir='ltr'><strong>fines</strong></span> <span class='ocrx_word' id='word_1_289' title='bbox 1432 3362 1519 3420; x_wconf 89' lang='lat' dir='ltr'><strong>terre</strong></span> <span class='ocrx_word' id='word_1_290' title='bbox 1555 3361 1663 3419; x_wconf 91' lang='lat' dir='ltr'><strong>vestre</strong></span> <span class='ocrx_word' id='word_1_291' title='bbox 1697 3355 1739 3419; x_wconf 94' lang='lat' dir='ltr'><strong>ab</strong></span> <span class='ocrx_word' id='word_1_292' title='bbox 1776 3354 1864 3417; x_wconf 90' lang='lat' dir='ltr'><strong>omni</strong></span> 
     </span>
     <span class='ocr_line' id='line_1_29' title="bbox 211 3457 1863 3548; baseline -0.004 -21"><span class='ocrx_word' id='word_1_293' title='bbox 211 3462 368 3529; x_wconf 89' lang='lat' dir='ltr'><strong>secularis</strong></span> <span class='ocrx_word' id='word_1_294' title='bbox 399 3462 572 3548; x_wconf 90' lang='lat' dir='ltr'><strong>potestatis</strong></span> <span class='ocrx_word' id='word_1_295' title='bbox 596 3461 765 3526; x_wconf 90' lang='lat' dir='ltr'><strong>invasione</strong></span> <span class='ocrx_word' id='word_1_296' title='bbox 790 3483 828 3526; x_wconf 90' lang='lat' dir='ltr'><strong>ac</strong></span> <span class='ocrx_word' id='word_1_297' title='bbox 852 3461 1062 3526; x_wconf 84' lang='lat' dir='ltr'><strong>infestatione</strong></span> <span class='ocrx_word' id='word_1_298' title='bbox 1087 3482 1219 3525; x_wconf 87' lang='lat' dir='ltr'><strong>securos</strong></span> <span class='ocrx_word' id='word_1_299' title='bbox 1249 3461 1373 3526; x_wconf 89' lang='lat' dir='ltr'><strong>servari</strong></span> <span class='ocrx_word' id='word_1_300' title='bbox 1397 3479 1580 3524; x_wconf 88' lang='lat' dir='ltr'><strong>censemus.</strong></span> <span class='ocrx_word' id='word_1_301' title='bbox 1626 3457 1863 3523; x_wconf 73' lang='lat' dir='ltr'><strong>confirmamus</strong></span> 
     </span>
     <span class='ocr_line' id='line_1_30' title="bbox 210 3560 1864 3632; baseline -0.006 0"><span class='ocrx_word' id='word_1_302' title='bbox 210 3574 320 3632; x_wconf 90' lang='lat' dir='ltr'><strong>autem</strong></span> <span class='ocrx_word' id='word_1_303' title='bbox 343 3566 437 3630; x_wconf 91' lang='lat' dir='ltr'><strong>vobis</strong></span> <span class='ocrx_word' id='word_1_304' title='bbox 469 3573 502 3630; x_wconf 87' lang='lat' dir='ltr'><strong>et</strong></span> <span class='ocrx_word' id='word_1_305' title='bbox 534 3566 605 3630; x_wconf 88' lang='lat' dir='ltr'><strong>sine</strong></span> <span class='ocrx_word' id='word_1_306' title='bbox 633 3565 701 3628; x_wconf 88' lang='lat' dir='ltr'><strong>ulla</strong></span> <span class='ocrx_word' id='word_1_307' title='bbox 730 3564 987 3629; x_wconf 89' lang='lat' dir='ltr'><strong>contradictione</strong></span> <span class='ocrx_word' id='word_1_308' title='bbox 1021 3564 1228 3630; x_wconf 88' lang='lat' dir='ltr'><strong>decernimus</strong></span> <span class='ocrx_word' id='word_1_309' title='bbox 1254 3563 1391 3628; x_wconf 85' lang='lat' dir='ltr'><strong>avobis</strong></span> <span class='ocrx_word' id='word_1_310' title='bbox 1421 3568 1455 3627; x_wconf 90' lang='lat' dir='ltr'><strong>et</strong></span> <span class='ocrx_word' id='word_1_311' title='bbox 1477 3562 1596 3625; x_wconf 88' lang='lat' dir='ltr'><strong>vestris</strong></span> <span class='ocrx_word' id='word_1_312' title='bbox 1623 3560 1801 3626; x_wconf 91' lang='lat' dir='ltr'><strong>heredibus</strong></span> <span class='ocrx_word' id='word_1_313' title='bbox 1831 3561 1864 3622; x_wconf 90' lang='lat' dir='ltr'><strong>in</strong></span> 
     </span>
     <span class='ocr_line' id='line_1_31' title="bbox 211 3665 1863 3757; baseline -0.004 -23"><span class='ocrx_word' id='word_1_314' title='bbox 211 3677 379 3757; x_wconf 87' lang='lat' dir='ltr'><strong>posterum</strong></span> <span class='ocrx_word' id='word_1_315' title='bbox 396 3667 606 3754; x_wconf 90' lang='lat' dir='ltr'><strong>possidenda,</strong></span> <span class='ocrx_word' id='word_1_316' title='bbox 630 3667 785 3732; x_wconf 91' lang='lat' dir='ltr'><strong>videlicet</strong></span> <span class='ocrx_word' id='word_1_317' title='bbox 800 3675 906 3732; x_wconf 89' lang='lat' dir='ltr'><strong>terras</strong></span> <span class='ocrx_word' id='word_1_318' title='bbox 924 3668 1029 3732; x_wconf 89' lang='lat' dir='ltr'><strong>cultas</strong></span> <span class='ocrx_word' id='word_1_319' title='bbox 1053 3675 1086 3733; x_wconf 88' lang='lat' dir='ltr'><strong>et</strong></span> <span class='ocrx_word' id='word_1_320' title='bbox 1109 3669 1259 3744; x_wconf 87' lang='lat' dir='ltr'><strong>incultas,</strong></span> <span class='ocrx_word' id='word_1_321' title='bbox 1284 3668 1393 3747; x_wconf 90' lang='lat' dir='ltr'><strong>silvas,</strong></span> <span class='ocrx_word' id='word_1_322' title='bbox 1415 3671 1554 3744; x_wconf 90' lang='lat' dir='ltr'><strong>montes,</strong></span> <span class='ocrx_word' id='word_1_323' title='bbox 1576 3665 1741 3751; x_wconf 90' lang='lat' dir='ltr'><strong>planities,</strong></span> <span class='ocrx_word' id='word_1_324' title='bbox 1765 3665 1863 3743; x_wconf 87' lang='lat' dir='ltr'><strong>rivos,</strong></span> 
     </span>
     <span class='ocr_line' id='line_1_32' title="bbox 209 3766 1863 3861; baseline -0.005 -24"><span class='ocrx_word' id='word_1_325' title='bbox 209 3774 362 3861; x_wconf 88' lang='lat' dir='ltr'><strong>paludes,</strong></span> <span class='ocrx_word' id='word_1_326' title='bbox 387 3771 588 3857; x_wconf 89' lang='lat' dir='ltr'><strong>aqueductos</strong></span> <span class='ocrx_word' id='word_1_327' title='bbox 613 3778 646 3835; x_wconf 92' lang='lat' dir='ltr'><strong>et</strong></span> <span class='ocrx_word' id='word_1_328' title='bbox 668 3793 782 3835; x_wconf 91' lang='lat' dir='ltr'><strong>omnes</strong></span> <span class='ocrx_word' id='word_1_329' title='bbox 806 3772 888 3836; x_wconf 88' lang='lat' dir='ltr'><strong>alias</strong></span> <span class='ocrx_word' id='word_1_330' title='bbox 912 3773 1142 3857; x_wconf 88' lang='lat' dir='ltr'><strong>possessiones</strong></span> <span class='ocrx_word' id='word_1_331' title='bbox 1165 3778 1309 3850; x_wconf 91' lang='lat' dir='ltr'><strong>vestras,</strong></span> <span class='ocrx_word' id='word_1_332' title='bbox 1337 3778 1434 3856; x_wconf 93' lang='lat' dir='ltr'><strong>prout</strong></span> <span class='ocrx_word' id='word_1_333' title='bbox 1457 3769 1642 3834; x_wconf 89' lang='lat' dir='ltr'><strong>continetur</strong></span> <span class='ocrx_word' id='word_1_334' title='bbox 1665 3767 1698 3830; x_wconf 91' lang='lat' dir='ltr'><strong>in</strong></span> <span class='ocrx_word' id='word_1_335' title='bbox 1721 3766 1863 3850; x_wconf 88' lang='lat' dir='ltr'><strong>antiquis</strong></span> 
     </span>
     <span class='ocr_line' id='line_1_33' title="bbox 209 3868 1865 3962; baseline -0.004 -23"><span class='ocrx_word' id='word_1_336' title='bbox 209 3875 391 3962; x_wconf 90' lang='lat' dir='ltr'><strong>privilegiis</strong></span> <span class='ocrx_word' id='word_1_337' title='bbox 415 3874 605 3961; x_wconf 84' lang='lat' dir='ltr'><strong>pontificum</strong></span> <span class='ocrx_word' id='word_1_338' title='bbox 621 3874 843 3939; x_wconf 89' lang='lat' dir='ltr'><strong>Romanorum</strong></span> <span class='ocrx_word' id='word_1_339' title='bbox 866 3882 899 3940; x_wconf 90' lang='lat' dir='ltr'><strong>et</strong></span> <span class='ocrx_word' id='word_1_340' title='bbox 922 3876 979 3939; x_wconf 89' lang='grc'>1119</span> <span class='ocrx_word' id='word_1_341' title='bbox 1001 3875 1161 3941; x_wconf 88' lang='lat' dir='ltr'><strong>hactenus</strong></span> <span class='ocrx_word' id='word_1_342' title='bbox 1180 3875 1386 3961; x_wconf 89' lang='lat' dir='ltr'><strong>possedistis.</strong></span> <span class='ocrx_word' id='word_1_343' title='bbox 1430 3874 1531 3937; x_wconf 82' lang='lat' dir='ltr'><strong>Fines</strong></span> <span class='ocrx_word' id='word_1_344' title='bbox 1553 3892 1632 3936; x_wconf 91' lang='lat' dir='ltr'><strong>vero</strong></span> <span class='ocrx_word' id='word_1_345' title='bbox 1655 3871 1756 3955; x_wconf 86' lang='lat' dir='ltr'><strong>ipsos,</strong></span> <span class='ocrx_word' id='word_1_346' title='bbox 1780 3868 1865 3933; x_wconf 88' lang='lat' dir='ltr'><strong>sicut</strong></span> 
     </span>
     <span class='ocr_line' id='line_1_34' title="bbox 210 3972 1863 4064; baseline -0.004 -22"><span class='ocrx_word' id='word_1_347' title='bbox 210 3981 244 4042; x_wconf 93' lang='lat' dir='ltr'><strong>in</strong></span> <span class='ocrx_word' id='word_1_348' title='bbox 266 3977 568 4064; x_wconf 86' lang='lat' dir='ltr'><strong>prefatiPaschalis</strong></span> <span class='ocrx_word' id='word_1_349' title='bbox 592 3977 786 4064; x_wconf 83' lang='lat' dir='ltr'><strong>privilegi0²</strong></span> <span class='ocrx_word' id='word_1_350' title='bbox 810 3978 1050 4058; x_wconf 90' lang='lat' dir='ltr'><strong>describuntur,</strong></span> <span class='ocrx_word' id='word_1_351' title='bbox 1075 3978 1128 4042; x_wconf 90' lang='lat' dir='ltr'><strong>hic</strong></span> <span class='ocrx_word' id='word_1_352' title='bbox 1150 3978 1303 4043; x_wconf 88' lang='lat' dir='ltr'><strong>duximus</strong></span> <span class='ocrx_word' id='word_1_353' title='bbox 1327 3976 1546 4042; x_wconf 88' lang='lat' dir='ltr'><strong>annotandos:</strong></span> <span class='ocrx_word' id='word_1_354' title='bbox 1571 3974 1602 4038; x_wconf 88' lang='lat' dir='ltr'>A</span> <span class='ocrx_word' id='word_1_355' title='bbox 1625 3973 1750 4060; x_wconf 80' lang='lat' dir='ltr'><strong>primo⁸</strong></span> <span class='ocrx_word' id='word_1_356' title='bbox 1772 3972 1863 4036; x_wconf 92' lang='lat' dir='ltr'><strong>vide·</strong></span> 
     </span>
     <span class='ocr_line' id='line_1_35' title="bbox 209 4076 1865 4167; baseline -0.004 -21"><span class='ocrx_word' id='word_1_357' title='bbox 209 4083 288 4146; x_wconf 87' lang='lat' dir='ltr'><strong>licet</strong></span> <span class='ocrx_word' id='word_1_358' title='bbox 310 4083 414 4146; x_wconf 88' lang='lat' dir='ltr'><strong>latere</strong></span> <span class='ocrx_word' id='word_1_359' title='bbox 437 4082 551 4167; x_wconf 90' lang='lat' dir='ltr'><strong>incipit</strong></span> <span class='ocrx_word' id='word_1_360' title='bbox 573 4081 744 4161; x_wconf 84' lang='lat' dir='ltr'><strong>fossatum,</strong></span> <span class='ocrx_word' id='word_1_361' title='bbox 769 4082 853 4166; x_wconf 92' lang='lat' dir='ltr'><strong>quod</strong></span> <span class='ocrx_word' id='word_1_362' title='bbox 877 4081 1051 4147; x_wconf 88' lang='lat' dir='ltr'><strong>descendit</strong></span> <span class='ocrx_word' id='word_1_363' title='bbox 1074 4103 1093 4145; x_wconf 97' lang='grc'><strong>9</strong></span> <span class='ocrx_word' id='word_1_364' title='bbox 1116 4081 1228 4146; x_wconf 88' lang='lat' dir='ltr'><strong>Monte</strong></span> <span class='ocrx_word' id='word_1_365' title='bbox 1253 4080 1411 4166; x_wconf 82' lang='lat' dir='ltr'><strong>Episcopi</strong></span> <span class='ocrx_word' id='word_1_366' title='bbox 1435 4085 1468 4144; x_wconf 89' lang='lat' dir='ltr'><strong>at</strong></span> <span class='ocrx_word' id='word_1_367' title='bbox 1491 4077 1663 4142; x_wconf 89' lang='lat' dir='ltr'><strong>descendit</strong></span> <span class='ocrx_word' id='word_1_368' title='bbox 1684 4076 1727 4140; x_wconf 89' lang='lat' dir='ltr'><strong>ad</strong></span> <span class='ocrx_word' id='word_1_369' title='bbox 1748 4097 1865 4162; x_wconf 90' lang='lat' dir='ltr'><strong>aquam</strong></span> 
     </span>
    </p>

    <p class='ocr_par' dir='ltr' id='par_1_7' title="bbox 146 4177 1867 5194">
     <span class='ocr_line' id='line_1_36' title="bbox 146 4177 1865 4270; baseline -0.003 -20"><span class='ocrx_word' id='word_1_370' title='bbox 146 4225 157 4263; x_wconf 67' lang='lat'><strong>5</strong></span> <span class='ocrx_word' id='word_1_371' title='bbox 210 4185 402 4250; x_wconf 89' lang='lat' dir='ltr'><strong>Palumham</strong></span> <span class='ocrx_word' id='word_1_372' title='bbox 433 4193 466 4250; x_wconf 91' lang='lat' dir='ltr'><strong>et</strong></span> <span class='ocrx_word' id='word_1_373' title='bbox 493 4184 613 4249; x_wconf 85' lang='lat' dir='ltr'><strong>exinde</strong></span> <span class='ocrx_word' id='word_1_374' title='bbox 643 4185 677 4248; x_wconf 92' lang='lat' dir='ltr'><strong>in</strong></span> <span class='ocrx_word' id='word_1_375' title='bbox 707 4185 799 4250; x_wconf 90' lang='lat' dir='ltr'><strong>silice</strong></span> <span class='ocrx_word' id='word_1_376' title='bbox 830 4185 871 4249; x_wconf 91' lang='lat' dir='ltr'><strong>de</strong></span> <span class='ocrx_word' id='word_1_377' title='bbox 901 4185 1021 4250; x_wconf 88' lang='lat' dir='ltr'><strong>Macro.</strong></span> <span class='ocrx_word' id='word_1_378' title='bbox 1065 4185 1147 4250; x_wconf 92' lang='lat' dir='ltr'><strong>Inde</strong></span> <span class='ocrx_word' id='word_1_379' title='bbox 1171 4204 1250 4248; x_wconf 90' lang='lat' dir='ltr'><strong>vero</strong></span> <span class='ocrx_word' id='word_1_380' title='bbox 1278 4183 1483 4270; x_wconf 88' lang='lat' dir='ltr'><strong>protenditur</strong></span> <span class='ocrx_word' id='word_1_381' title='bbox 1512 4181 1586 4246; x_wconf 88' lang='lat' dir='ltr'><strong>finis</strong></span> <span class='ocrx_word' id='word_1_382' title='bbox 1616 4180 1793 4244; x_wconf 89' lang='lat' dir='ltr'><strong>invallem</strong></span> <span class='ocrx_word' id='word_1_383' title='bbox 1823 4177 1865 4244; x_wconf 88' lang='lat' dir='ltr'><strong>ad</strong></span> 
     </span>
     <span class='ocr_line' id='line_1_37' title="bbox 211 4282 1865 4370; baseline -0.004 -17"><span class='ocrx_word' id='word_1_384' title='bbox 211 4288 352 4354; x_wconf 82' lang='lat' dir='ltr'><strong>Centum</strong></span> <span class='ocrx_word' id='word_1_385' title='bbox 367 4287 486 4352; x_wconf 84' lang='lat' dir='ltr'><strong>Guttae</strong></span> <span class='ocrx_word' id='word_1_386' title='bbox 511 4296 544 4352; x_wconf 91' lang='lat' dir='ltr'><strong>et</strong></span> <span class='ocrx_word' id='word_1_387' title='bbox 566 4288 739 4353; x_wconf 91' lang='lat' dir='ltr'><strong>descendit</strong></span> <span class='ocrx_word' id='word_1_388' title='bbox 761 4288 803 4352; x_wconf 91' lang='lat' dir='ltr'><strong>ad</strong></span> <span class='ocrx_word' id='word_1_389' title='bbox 818 4288 979 4353; x_wconf 92' lang='lat' dir='ltr'><strong>Balneum</strong></span> <span class='ocrx_word' id='word_1_390' title='bbox 1001 4309 1133 4368; x_wconf 91' lang='lat' dir='ltr'><strong>novum,</strong></span> <span class='ocrx_word' id='word_1_391' title='bbox 1156 4287 1276 4352; x_wconf 88' lang='lat' dir='ltr'><strong>exinde</strong></span> <span class='ocrx_word' id='word_1_392' title='bbox 1300 4287 1477 4351; x_wconf 89' lang='lat' dir='ltr'><strong>revertitur</strong></span> <span class='ocrx_word' id='word_1_393' title='bbox 1499 4305 1559 4370; x_wconf 92' lang='lat' dir='ltr'><strong>pcr</strong></span> <span class='ocrx_word' id='word_1_394' title='bbox 1581 4284 1666 4347; x_wconf 90' lang='lat' dir='ltr'><strong>viam</strong></span> <span class='ocrx_word' id='word_1_395' title='bbox 1691 4283 1724 4346; x_wconf 94' lang='lat' dir='ltr'><strong>in</strong></span> <span class='ocrx_word' id='word_1_396' title='bbox 1748 4282 1865 4347; x_wconf 89' lang='lat' dir='ltr'><strong>collem</strong></span> 
     </span>
     <span class='ocr_line' id='line_1_38' title="bbox 211 4385 1867 4478; baseline -0.005 -21"><span class='ocrx_word' id='word_1_397' title='bbox 211 4391 251 4457; x_wconf 91' lang='grc'><strong>(19</strong></span> <span class='ocrx_word' id='word_1_398' title='bbox 274 4391 410 4457; x_wconf 82' lang='grc' dir='ltr'>Β99999</span> <span class='ocrx_word' id='word_1_399' title='bbox 433 4391 602 4469; x_wconf 83' lang='grc' dir='ltr'>Μ991999,</span> <span class='ocrx_word' id='word_1_400' title='bbox 631 4391 865 4477; x_wconf 85' lang='lat' dir='ltr'><strong>descenditque</strong></span> <span class='ocrx_word' id='word_1_401' title='bbox 888 4393 1091 4478; x_wconf 84' lang='lat' dir='ltr'><strong>pervellem</strong></span> <span class='ocrx_word' id='word_1_402' title='bbox 1114 4392 1147 4454; x_wconf 92' lang='lat' dir='ltr'><strong>in</strong></span> <span class='ocrx_word' id='word_1_403' title='bbox 1171 4397 1299 4476; x_wconf 89' lang='lat' dir='ltr'><strong>pratum</strong></span> <span class='ocrx_word' id='word_1_404' title='bbox 1321 4388 1362 4453; x_wconf 92' lang='grc'><strong>(19</strong></span> <span class='ocrx_word' id='word_1_405' title='bbox 1386 4387 1558 4452; x_wconf 81' lang='lat' dir='ltr'><strong>Oanudelli</strong></span> <span class='ocrx_word' id='word_1_406' title='bbox 1582 4393 1616 4452; x_wconf 93' lang='lat' dir='ltr'><strong>et</strong></span> <span class='ocrx_word' id='word_1_407' title='bbox 1637 4385 1785 4451; x_wconf 91' lang='lat' dir='ltr'><strong>tenditur</strong></span> <span class='ocrx_word' id='word_1_408' title='bbox 1805 4405 1867 4471; x_wconf 90' lang='lat' dir='ltr'><strong>per</strong></span> 
     </span>
     <span class='ocr_line' id='line_1_39' title="bbox 211 4488 1867 4583; baseline -0.005 -23"><span class='ocrx_word' id='word_1_409' title='bbox 211 4517 284 4560; x_wconf 89' lang='lat' dir='ltr'><strong>eam</strong></span> <span class='ocrx_word' id='word_1_410' title='bbox 306 4497 340 4560; x_wconf 93' lang='lat' dir='ltr'><strong>in</strong></span> <span class='ocrx_word' id='word_1_411' title='bbox 363 4496 608 4583; x_wconf 89' lang='lat' dir='ltr'><strong>possessionem</strong></span> <span class='ocrx_word' id='word_1_412' title='bbox 632 4495 751 4560; x_wconf 86' lang='lat' dir='ltr'><strong>Sancte</strong></span> <span class='ocrx_word' id='word_1_413' title='bbox 775 4495 880 4560; x_wconf 89' lang='lat' dir='ltr'><strong>Marie</strong></span> <span class='ocrx_word' id='word_1_414' title='bbox 904 4495 945 4559; x_wconf 98' lang='grc'><strong>(19</strong></span> <span class='ocrx_word' id='word_1_415' title='bbox 968 4494 1091 4572; x_wconf 90' lang='lat' dir='ltr'><strong>Domo,</strong></span> <span class='ocrx_word' id='word_1_416' title='bbox 1124 4500 1222 4578; x_wconf 89' lang='lat' dir='ltr'><strong>atque</strong></span> <span class='ocrx_word' id='word_1_417' title='bbox 1247 4491 1368 4557; x_wconf 86' lang='lat' dir='ltr'><strong>exinde</strong></span> <span class='ocrx_word' id='word_1_418' title='bbox 1391 4493 1425 4556; x_wconf 91' lang='lat' dir='ltr'><strong>in</strong></span> <span class='ocrx_word' id='word_1_419' title='bbox 1449 4492 1608 4556; x_wconf 84' lang='lat' dir='ltr'><strong>fossatum</strong></span> <span class='ocrx_word' id='word_1_420' title='bbox 1632 4488 1674 4554; x_wconf 91' lang='lat' dir='ltr'><strong>de</strong></span> <span class='ocrx_word' id='word_1_421' title='bbox 1698 4488 1808 4553; x_wconf 80' lang='lat' dir='ltr'><strong>Certis</strong></span> <span class='ocrx_word' id='word_1_422' title='bbox 1832 4495 1867 4552; x_wconf 93' lang='lat' dir='ltr'><strong>et</strong></span> 
     </span>
     <span class='ocr_line' id='line_1_40' title="bbox 210 4591 1865 4686; baseline -0.005 -22"><span class='ocrx_word' id='word_1_423' title='bbox 210 4622 270 4686; x_wconf 91' lang='lat' dir='ltr'><strong>per</strong></span> <span class='ocrx_word' id='word_1_424' title='bbox 298 4601 405 4686; x_wconf 91' lang='lat' dir='ltr'><strong>ipsum</strong></span> <span class='ocrx_word' id='word_1_425' title='bbox 435 4600 468 4663; x_wconf 91' lang='lat' dir='ltr'><strong>in</strong></span> <span class='ocrx_word' id='word_1_426' title='bbox 496 4600 670 4664; x_wconf 88' lang='lat' dir='ltr'><strong>terminum</strong></span> <span class='ocrx_word' id='word_1_427' title='bbox 701 4599 891 4664; x_wconf 90' lang='lat' dir='ltr'><strong>Turricchie</strong></span> <span class='ocrx_word' id='word_1_428' title='bbox 922 4620 961 4664; x_wconf 91' lang='lat' dir='ltr'><strong>ac</strong></span> <span class='ocrx_word' id='word_1_429' title='bbox 990 4599 1170 4664; x_wconf 88' lang='lat' dir='ltr'><strong>reflectitur</strong></span> <span class='ocrx_word' id='word_1_430' title='bbox 1200 4598 1233 4660; x_wconf 92' lang='lat' dir='ltr'><strong>in</strong></span> <span class='ocrx_word' id='word_1_431' title='bbox 1262 4597 1423 4682; x_wconf 86' lang='lat' dir='ltr'><strong>pratalina</strong></span> <span class='ocrx_word' id='word_1_432' title='bbox 1453 4594 1494 4660; x_wconf 90' lang='lat' dir='ltr'><strong>de</strong></span> <span class='ocrx_word' id='word_1_433' title='bbox 1525 4593 1654 4659; x_wconf 86' lang='lat' dir='ltr'><strong>formali</strong></span> <span class='ocrx_word' id='word_1_434' title='bbox 1683 4591 1724 4656; x_wconf 90' lang='lat' dir='ltr'><strong>de</strong></span> <span class='ocrx_word' id='word_1_435' title='bbox 1747 4591 1865 4673; x_wconf 88' lang='lat' dir='ltr'><strong>Ulmis,</strong></span> 
     </span>
     <span class='ocr_line' id='line_1_41' title="bbox 211 4695 1865 4788; baseline -0.005 -21"><span class='ocrx_word' id='word_1_436' title='bbox 211 4703 447 4787; x_wconf 89' lang='lat' dir='ltr'><strong>descenditque</strong></span> <span class='ocrx_word' id='word_1_437' title='bbox 469 4725 530 4788; x_wconf 90' lang='lat' dir='ltr'><strong>per</strong></span> <span class='ocrx_word' id='word_1_438' title='bbox 553 4704 671 4767; x_wconf 87' lang='lat' dir='ltr'><strong>vallem</strong></span> <span class='ocrx_word' id='word_1_439' title='bbox 696 4703 728 4766; x_wconf 92' lang='lat' dir='ltr'><strong>in</strong></span> <span class='ocrx_word' id='word_1_440' title='bbox 752 4703 997 4788; x_wconf 87' lang='lat' dir='ltr'><strong>possessionem</strong></span> <span class='ocrx_word' id='word_1_441' title='bbox 1021 4701 1134 4767; x_wconf 88' lang='lat' dir='ltr'><strong>Sancti</strong></span> <span class='ocrx_word' id='word_1_442' title='bbox 1158 4700 1290 4765; x_wconf 82' lang='lat' dir='ltr'><strong>Andree</strong></span> <span class='ocrx_word' id='word_1_443' title='bbox 1314 4700 1347 4763; x_wconf 90' lang='lat' dir='ltr'><strong>in</strong></span> <span class='ocrx_word' id='word_1_444' title='bbox 1373 4700 1465 4763; x_wconf 88' lang='lat' dir='ltr'><strong>silice</strong></span> <span class='ocrx_word' id='word_1_445' title='bbox 1489 4720 1526 4763; x_wconf 90' lang='grc'><strong>99</strong></span> <span class='ocrx_word' id='word_1_446' title='bbox 1549 4697 1625 4762; x_wconf 91' lang='lat' dir='ltr'><strong>inde</strong></span> <span class='ocrx_word' id='word_1_447' title='bbox 1649 4697 1684 4760; x_wconf 91' lang='lat' dir='ltr'><strong>in</strong></span> <span class='ocrx_word' id='word_1_448' title='bbox 1706 4695 1865 4760; x_wconf 84' lang='lat' dir='ltr'><strong>fossatum</strong></span> 
     </span>
     <span class='ocr_line' id='line_1_42' title="bbox 210 4798 1865 4884; baseline -0.004 -15"><span class='ocrx_word' id='word_1_449' title='bbox 210 4806 250 4871; x_wconf 92' lang='lat' dir='ltr'><strong>de</strong></span> <span class='ocrx_word' id='word_1_450' title='bbox 274 4807 400 4871; x_wconf 89' lang='lat' dir='ltr'><strong>Littere</strong></span> <span class='ocrx_word' id='word_1_451' title='bbox 425 4811 458 4870; x_wconf 89' lang='lat' dir='ltr'><strong>et</strong></span> <span class='ocrx_word' id='word_1_452' title='bbox 481 4805 599 4870; x_wconf 89' lang='lat' dir='ltr'><strong>exinde</strong></span> <span class='ocrx_word' id='word_1_453' title='bbox 624 4806 717 4870; x_wconf 86' lang='lat' dir='ltr'><strong>iuxta</strong></span> <span class='ocrx_word' id='word_1_454' title='bbox 739 4807 853 4870; x_wconf 90' lang='lat' dir='ltr'><strong>vineas</strong></span> <span class='ocrx_word' id='word_1_455' title='bbox 871 4805 982 4869; x_wconf 86' lang='lat' dir='ltr'><strong>Sancti</strong></span> <span class='ocrx_word' id='word_1_456' title='bbox 997 4803 1132 4869; x_wconf 87' lang='lat' dir='ltr'><strong>Andree</strong></span> <span class='ocrx_word' id='word_1_457' title='bbox 1156 4803 1370 4867; x_wconf 77' lang='lat' dir='ltr'><strong>insensatum</strong></span> <span class='ocrx_word' id='word_1_458' title='bbox 1393 4802 1434 4867; x_wconf 90' lang='grc'><strong>(19</strong></span> <span class='ocrx_word' id='word_1_459' title='bbox 1451 4801 1605 4876; x_wconf 89' lang='lat' dir='ltr'><strong>Arcione,</strong></span> <span class='ocrx_word' id='word_1_460' title='bbox 1628 4798 1865 4884; x_wconf 90' lang='lat' dir='ltr'><strong>descenditque</strong></span> 
     </span>
     <span class='ocr_line' id='line_1_43' title="bbox 210 4901 1866 4996; baseline -0.005 -23"><span class='ocrx_word' id='word_1_461' title='bbox 210 4930 269 4996; x_wconf 89' lang='lat' dir='ltr'><strong>per</strong></span> <span class='ocrx_word' id='word_1_462' title='bbox 291 4910 399 4995; x_wconf 90' lang='lat' dir='ltr'><strong>ipsum</strong></span> <span class='ocrx_word' id='word_1_463' title='bbox 422 4909 455 4972; x_wconf 92' lang='lat' dir='ltr'><strong>in</strong></span> <span class='ocrx_word' id='word_1_464' title='bbox 479 4909 615 4988; x_wconf 91' lang='lat' dir='ltr'><strong>silicem,</strong></span> <span class='ocrx_word' id='word_1_465' title='bbox 639 4916 673 4973; x_wconf 92' lang='lat' dir='ltr'><strong>et</strong></span> <span class='ocrx_word' id='word_1_466' title='bbox 696 4931 755 4994; x_wconf 91' lang='lat' dir='ltr'><strong>per</strong></span> <span class='ocrx_word' id='word_1_467' title='bbox 779 4929 852 4973; x_wconf 89' lang='lat' dir='ltr'><strong>eam</strong></span> <span class='ocrx_word' id='word_1_468' title='bbox 875 4915 1066 4972; x_wconf 91' lang='lat' dir='ltr'><strong>recurvatur</strong></span> <span class='ocrx_word' id='word_1_469' title='bbox 1088 4907 1122 4970; x_wconf 94' lang='lat' dir='ltr'><strong>in</strong></span> <span class='ocrx_word' id='word_1_470' title='bbox 1144 4906 1305 4970; x_wconf 79' lang='lat' dir='ltr'><strong>fossatum</strong></span> <span class='ocrx_word' id='word_1_471' title='bbox 1328 4905 1368 4970; x_wconf 91' lang='lat' dir='ltr'><strong>de</strong></span> <span class='ocrx_word' id='word_1_472' title='bbox 1384 4905 1561 4984; x_wconf 82' lang='lat' dir='ltr'><strong>Formello,</strong></span> <span class='ocrx_word' id='word_1_473' title='bbox 1585 4903 1671 4968; x_wconf 92' lang='lat' dir='ltr'><strong>unde</strong></span> <span class='ocrx_word' id='word_1_474' title='bbox 1695 4901 1866 4966; x_wconf 91' lang='lat' dir='ltr'><strong>descendit</strong></span> 
     </span>
     <span class='ocr_line' id='line_1_44' title="bbox 209 5007 1865 5095; baseline -0.005 -19"><span class='ocrx_word' id='word_1_475' title='bbox 209 5013 243 5076; x_wconf 93' lang='lat' dir='ltr'><strong>in</strong></span> <span class='ocrx_word' id='word_1_476' title='bbox 265 5013 351 5076; x_wconf 90' lang='lat' dir='ltr'><strong>valle</strong></span> <span class='ocrx_word' id='word_1_477' title='bbox 375 5011 415 5076; x_wconf 91' lang='lat' dir='ltr'><strong>de</strong></span> <span class='ocrx_word' id='word_1_478' title='bbox 439 5010 545 5076; x_wconf 86' lang='lat' dir='ltr'><strong>Scaai.</strong></span> <span class='ocrx_word' id='word_1_479' title='bbox 590 5011 621 5075; x_wconf 88' lang='lat' dir='ltr'>A</span> <span class='ocrx_word' id='word_1_480' title='bbox 649 5010 792 5076; x_wconf 89' lang='lat' dir='ltr'><strong>secundo</strong></span> <span class='ocrx_word' id='word_1_481' title='bbox 816 5031 894 5076; x_wconf 92' lang='lat' dir='ltr'><strong>vero</strong></span> <span class='ocrx_word' id='word_1_482' title='bbox 923 5011 1027 5074; x_wconf 90' lang='lat' dir='ltr'><strong>latere</strong></span> <span class='ocrx_word' id='word_1_483' title='bbox 1058 5009 1133 5073; x_wconf 87' lang='lat' dir='ltr'><strong>finis</strong></span> <span class='ocrx_word' id='word_1_484' title='bbox 1163 5009 1278 5095; x_wconf 92' lang='lat' dir='ltr'><strong>incipit</strong></span> <span class='ocrx_word' id='word_1_485' title='bbox 1307 5007 1545 5072; x_wconf 91' lang='lat' dir='ltr'><strong>acolumnella</strong></span> <span class='ocrx_word' id='word_1_486' title='bbox 1568 5025 1769 5082; x_wconf 89' lang='lat' dir='ltr'><strong>marmorea,</strong></span> <span class='ocrx_word' id='word_1_487' title='bbox 1803 5023 1865 5088; x_wconf 93' lang='lat' dir='ltr'><strong>que</strong></span> 
     </span>
     <span class='ocr_line' id='line_1_45' title="bbox 210 5107 1866 5194; baseline -0.006 -14"><span class='ocrx_word' id='word_1_488' title='bbox 210 5117 377 5181; x_wconf 90' lang='lat' dir='ltr'><strong>intervos</strong></span> <span class='ocrx_word' id='word_1_489' title='bbox 404 5121 437 5180; x_wconf 89' lang='lat' dir='ltr'><strong>et</strong></span> <span class='ocrx_word' id='word_1_490' title='bbox 465 5114 669 5181; x_wconf 89' lang='lat' dir='ltr'><strong>habitatores</strong></span> <span class='ocrx_word' id='word_1_491' title='bbox 694 5115 807 5180; x_wconf 87' lang='lat' dir='ltr'><strong>Sancti</strong></span> <span class='ocrx_word' id='word_1_492' title='bbox 832 5114 924 5178; x_wconf 91' lang='lat' dir='ltr'><strong>Petri</strong></span> <span class='ocrx_word' id='word_1_493' title='bbox 951 5114 984 5178; x_wconf 93' lang='lat' dir='ltr'><strong>in</strong></span> <span class='ocrx_word' id='word_1_494' title='bbox 1007 5113 1128 5178; x_wconf 81' lang='lat' dir='ltr'><strong>Forma</strong></span> <span class='ocrx_word' id='word_1_495' title='bbox 1157 5113 1236 5176; x_wconf 92' lang='lat' dir='ltr'><strong>olim</strong></span> <span class='ocrx_word' id='word_1_496' title='bbox 1265 5112 1336 5177; x_wconf 86' lang='lat' dir='ltr'><strong>luit.</strong></span> <span class='ocrx_word' id='word_1_497' title='bbox 1381 5109 1464 5175; x_wconf 89' lang='lat' dir='ltr'><strong>Inde</strong></span> <span class='ocrx_word' id='word_1_498' title='bbox 1488 5130 1564 5174; x_wconf 90' lang='lat' dir='ltr'><strong>vero</strong></span> <span class='ocrx_word' id='word_1_499' title='bbox 1594 5107 1801 5194; x_wconf 91' lang='lat' dir='ltr'><strong>protenditur</strong></span> <span class='ocrx_word' id='word_1_500' title='bbox 1833 5107 1866 5170; x_wconf 93' lang='lat' dir='ltr'><strong>in</strong></span> 
     </span>
    </p>

    <p class='ocr_par' dir='ltr' id='par_1_8' title="bbox 132 5211 1868 5304">
     <span class='ocr_line' id='line_1_46' title="bbox 132 5211 1868 5304; baseline -0.007 -18"><span class='ocrx_word' id='word_1_501' title='bbox 132 5258 158 5298; x_wconf 71' lang='lat'><strong>45</strong></span> <span class='ocrx_word' id='word_1_502' title='bbox 211 5220 387 5304; x_wconf 88' lang='lat' dir='ltr'><strong>Plagarum</strong></span> <span class='ocrx_word' id='word_1_503' title='bbox 422 5218 463 5282; x_wconf 91' lang='lat' dir='ltr'><strong>de</strong></span> <span class='ocrx_word' id='word_1_504' title='bbox 494 5216 650 5282; x_wconf 86' lang='lat' dir='ltr'><strong>Saloiara.</strong></span> <span class='ocrx_word' id='word_1_505' title='bbox 694 5218 726 5282; x_wconf 80' lang='lat' dir='ltr'>A</span> <span class='ocrx_word' id='word_1_506' title='bbox 752 5218 850 5283; x_wconf 89' lang='lat' dir='ltr'><strong>tertio</strong></span> <span class='ocrx_word' id='word_1_507' title='bbox 884 5223 995 5281; x_wconf 91' lang='lat' dir='ltr'><strong>autem</strong></span> <span class='ocrx_word' id='word_1_508' title='bbox 1028 5211 1102 5280; x_wconf 86' lang='lat' dir='ltr'><strong>linis</strong></span> <span class='ocrx_word' id='word_1_509' title='bbox 1136 5215 1250 5301; x_wconf 91' lang='lat' dir='ltr'><strong>incipit</strong></span> <span class='ocrx_word' id='word_1_510' title='bbox 1276 5237 1298 5279; x_wconf 90' lang='lat' dir='ltr'><strong>a</strong></span> <span class='ocrx_word' id='word_1_511' title='bbox 1325 5214 1448 5279; x_wconf 80' lang='lat' dir='ltr'><strong>fossato</strong></span> <span class='ocrx_word' id='word_1_512' title='bbox 1478 5211 1519 5277; x_wconf 91' lang='lat' dir='ltr'><strong>de</strong></span> <span class='ocrx_word' id='word_1_513' title='bbox 1551 5211 1710 5276; x_wconf 84' lang='lat' dir='ltr'><strong>Carciano</strong></span> <span class='ocrx_word' id='word_1_514' title='bbox 1741 5231 1779 5274; x_wconf 90' lang='lat' dir='ltr'><strong>ac</strong></span> <span class='ocrx_word' id='word_1_515' title='bbox 1807 5231 1868 5296; x_wconf 88' lang='lat' dir='ltr'><strong>per</strong></span> 
     </span>
    </p>
   </div>
   <div class='ocr_carea' id='block_1_4' title="bbox 316 5513 831 5581">
    <p class='ocr_par' dir='ltr' id='par_1_9' title="bbox 316 5513 831 5581">
     <span class='ocr_line' id='line_1_47' title="bbox 316 5513 831 5581; baseline 0 -16"><span class='ocrx_word' id='word_1_516' title='bbox 316 5513 338 5576; x_wconf 79' lang='lat'><strong>⁸)</strong></span> <span class='ocrx_word' id='word_1_517' title='bbox 358 5517 380 5564; x_wconf 84' lang='lat' dir='ltr'><strong>h</strong></span> <span class='ocrx_word' id='word_1_518' title='bbox 398 5515 479 5581; x_wconf 84' lang='lat' dir='ltr'><strong>primo</strong></span> <span class='ocrx_word' id='word_1_519' title='bbox 496 5541 531 5550; x_wconf 85' lang='lat'><em>-</em></span> <span class='ocrx_word' id='word_1_520' title='bbox 549 5515 684 5565; x_wconf 81' lang='lat' dir='ltr'><strong>statuimus</strong></span> <span class='ocrx_word' id='word_1_521' title='bbox 702 5531 733 5564; x_wconf 73' lang='lat' dir='ltr'><strong>ex</strong></span> <span class='ocrx_word' id='word_1_522' title='bbox 751 5513 831 5580; x_wconf 75' lang='lat' dir='ltr'><strong>Bor-9.</strong></span> 
     </span>
    </p>
   </div>
   <div class='ocr_carea' id='block_1_5' title="bbox 315 5643 1660 5792">
    <p class='ocr_par' dir='ltr' id='par_1_10' title="bbox 315 5643 1660 5792">
     <span class='ocr_line' id='line_1_48' title="bbox 315 5643 1586 5720; baseline -0.003 -20"><span class='ocrx_word' id='word_1_523' title='bbox 315 5649 341 5718; x_wconf 85' lang='grc'>1)</span> <span class='ocrx_word' id='word_1_524' title='bbox 359 5664 385 5700; x_wconf 84' lang='lat' dir='ltr'><strong>a.</strong></span> <span class='ocrx_word' id='word_1_525' title='bbox 404 5650 484 5711; x_wconf 79' lang='lat'><strong>1089,</strong></span> <span class='ocrx_word' id='word_1_526' title='bbox 503 5647 558 5702; x_wconf 82' lang='lat' dir='ltr'><strong>Iul.</strong></span> <span class='ocrx_word' id='word_1_527' title='bbox 578 5652 610 5710; x_wconf 86' lang='grc'><strong>8,·</strong></span> <span class='ocrx_word' id='word_1_528' title='bbox 628 5648 709 5715; x_wconf 80' lang='lat' dir='ltr'><strong>Iaffr&#39;,</strong></span> <span class='ocrx_word' id='word_1_529' title='bbox 727 5647 797 5720; x_wconf 68' lang='lat' dir='ltr'><strong>neq.</strong></span> <span class='ocrx_word' id='word_1_530' title='bbox 816 5651 901 5701; x_wconf 68' lang='lat'><em>4037.</em></span> <span class='ocrx_word' id='word_1_531' title='bbox 972 5647 1000 5720; x_wconf 75' lang='lat'><strong>2)</strong></span> <span class='ocrx_word' id='word_1_532' title='bbox 1020 5663 1046 5700; x_wconf 84' lang='lat' dir='ltr'><strong>a.</strong></span> <span class='ocrx_word' id='word_1_533' title='bbox 1064 5651 1139 5708; x_wconf 84' lang='lat'><em>1101.</em></span> <span class='ocrx_word' id='word_1_534' title='bbox 1157 5645 1248 5716; x_wconf 79' lang='lat' dir='ltr'><strong>April.</strong></span> <span class='ocrx_word' id='word_1_535' title='bbox 1268 5648 1297 5710; x_wconf 84' lang='grc'><strong>6,·</strong></span> <span class='ocrx_word' id='word_1_536' title='bbox 1314 5645 1396 5712; x_wconf 78' lang='lat' dir='ltr'><strong>Ioffi,</strong></span> <span class='ocrx_word' id='word_1_537' title='bbox 1415 5643 1483 5714; x_wconf 77' lang='lat' dir='ltr'><strong>Req.</strong></span> <span class='ocrx_word' id='word_1_538' title='bbox 1502 5647 1586 5697; x_wconf 71' lang='lat'><em>4388.</em></span> 
     </span>
     <span class='ocr_line' id='line_1_49' title="bbox 1606 5737 1660 5792; baseline 0 -22"><span class='ocrx_word' id='word_1_539' title='bbox 1606 5737 1660 5792; x_wconf 74' lang='lat'><strong>64*</strong></span> 
     </span>
    </p>
   </div>
   <div class='ocr_carea' id='block_1_6' title="bbox 0 0 2296 6388">
    <p class='ocr_par' dir='ltr' id='par_1_11' title="bbox 0 0 2296 6388">
     <span class='ocr_line' id='line_1_50' title="bbox 0 0 2296 6388; baseline 0 0"><span class='ocrx_word' id='word_1_540' title='bbox 0 0 2296 6388; x_wconf 95' lang='lat' dir='ltr'><strong> </strong></span> 
     </span>
    </p>
   </div>
  </div>
 </body>
</html>
