4448 6420
1056 91 1256 148 EPIS'POLAE
1273 93 1462 148 SELECTAE.
1500 93 1574 148 1225.
2074 100 2133 162 199

486 283 562 326 ecce
594 265 814 330 venerabilem
845 265 976 330 fratrem
1006 267 1043 330 P.
1072 266 1297 330 Albanensem
1327 266 1517 353 episcopum
1546 275 1580 332 et
1606 267 1762 332 dilectum
1790 269 1892 333 lilium
1920 275 2066 334 nostrum
2094 268 2134 333 G.

484 368 569 430 tituli
594 367 706 432 Sancti
729 368 862 432 Martini
883 368 1111 454 presbyterum
1135 367 1350 448 cardinalem,
1379 369 1465 433 viros
1489 370 1601 456 utique
1623 370 1760 456 probate
1785 372 1927 452 virtutis,
1958 373 2134 459 conspicue

484 470 666 535 honestatis
697 479 730 536 et
758 473 931 537 eminentis
964 475 1116 554 scientie,
1148 495 1229 559 quos
1259 474 1349 536 velut
1378 475 1568 560 columpnas
1601 482 1728 539 erectas
1758 475 1793 538 in
1820 474 1917 541 domo
1938 475 2072 541 Domini
2102 483 2135 541 et

485 575 598 639 stellas
627 576 661 639 in
688 577 893 641 firmamento
928 578 1068 642 ecclesie
1098 579 1283 642 relucentes
1320 599 1380 641 nos
1412 585 1444 641 et
1478 578 1596 642 fratres
1628 579 1731 643 nostri
1761 578 1898 664 speciali
1928 579 2136 666 prerogativa

486 677 670 742 dilectionis
694 687 727 744 et
749 681 853 764 gratie
877 682 1112 767 amplexamur,
1136 681 1309 745 commisso
1333 681 1381 744 eis
1404 682 1502 767 plene
1525 683 1699 766 legationis
1723 683 1848 762 officio,
1871 680 2072 769 providimus
2095 680 2136 746 ad

485 790 574 847 tuam
603 785 805 868 presentiam
838 783 1070 862 destinandos,
1101 789 1137 846 ut
1170 805 1232 868 que
1268 804 1366 868 super
1397 785 1566 870 premissis
1601 784 1751 870 diligenti
1789 792 1865 850 sunt
1896 785 2136 850 deliberatione

484 893 637 966 tractata,
670 894 704 952 et
737 887 837 951 robur
869 888 965 973 plene
994 886 1206 972 perfectionis
1237 887 1401 972 accipiant
1428 893 1462 950 et
1490 888 1663 974 sollempni
1693 889 1914 974 publicatione
1944 889 2137 952 clarescant.

485 987 647 1061 Quocirca
662 989 865 1074 imperialem
881 990 1157 1073 magnificentiam
1173 1010 1337 1073 rogamus,
1360 1009 1531 1054 monemus
1555 997 1589 1054 et
1609 990 1777 1056 hortamur
1792 992 1960 1071 attentius,
1985 991 2136 1077 quatinus

486 1091 591 1177 ipsos,
618 1093 672 1158 vel
701 1093 809 1179 potius
839 1115 899 1158 nos
922 1093 954 1156 in
985 1093 1080 1178 ipsis,
1109 1093 1252 1177 benigne
1280 1092 1443 1178 recipiens
1472 1099 1506 1158 et
1532 1093 1670 1159 honeste
1698 1101 1919 1181 pertractans,
1952 1115 1992 1159 ea
2014 1113 2077 1177 que
2101 1093 2136 1156 in

488 1195 673 1281 supradicto
699 1197 876 1283 rescripto,
914 1195 1000 1280 quod
1031 1196 1080 1259 eis
1109 1195 1169 1260 sub
1204 1194 1295 1259 bulla
1325 1202 1437 1260 nostra
1464 1197 1702 1278 commisimus,
1733 1197 1956 1277 continentur,
1987 1217 2068 1281 pure
2100 1215 2138 1259 ac

487 1299 614 1363 sincere
638 1298 770 1363 studeas
794 1299 926 1363 effectui
942 1299 1141 1384 mancipare,
1164 1300 1210 1362 ita
1234 1297 1320 1383 quod
1344 1320 1416 1363 eum
1439 1321 1479 1364 eo
1503 1301 1559 1385 qui
1582 1307 1633 1366 est
1655 1300 1776 1364 veritas
1800 1300 1998 1378 inveritate,
2022 1320 2138 1385 proee-

488 1401 577 1480 dens,
596 1401 832 1487 precedentem
855 1403 1090 1487 negligentiam
1112 1401 1274 1467 redimere
1298 1402 1458 1484 videaris,
1482 1410 1516 1468 et
1538 1411 1570 1468 te
1594 1425 1632 1467 ac
1655 1425 1714 1467 nos
1739 1402 1857 1467 reddas
1880 1401 1966 1488 apud
1989 1402 2138 1466 homines

488 1513 678 1586 excusatos,
707 1507 815 1570 sciens
848 1527 907 1569 nos
932 1507 979 1569 eis
1003 1505 1180 1570 contulisse
1211 1506 1350 1570 liberam
1371 1514 1571 1592 potestatem
1598 1515 1632 1572 et
1659 1506 1839 1593 reeipiendi
1866 1507 2084 1571 iuramentum
2107 1512 2141 1569 et

490 1609 834 1673 excommunicationis
872 1609 1069 1672 sententiam
1105 1607 1336 1694 promulgandi
1370 1617 1405 1675 et
1442 1610 1523 1675 alias
1562 1609 1681 1674 exinde
1719 1608 1935 1696 procedendi,
1972 1615 2069 1697 prout
2106 1607 2140 1671 in

493 1711 638 1796 predicto
662 1713 822 1798 rescripto
845 1713 975 1799 plenius
999 1712 1192 1778 continetur.

595 1831 672 1896 Dat.
694 1832 810 1916 Reate,
833 1833 898 1898 XV
920 1833 995 1898 Kal.
1018 1833 1104 1918 Aug.
1129 1853 1213 1897 anno
1236 1853 1335 1898 nono.

1108 2083 1520 2112 ...-..—..-......-.......-l.-

1186 2419 1187 2422 ,
1274 2354 1361 2427 277.

601 2467 788 2560 Honorius
810 2496 876 2561 ΙΙΙ
894 2517 984 2576 papa
1006 2494 1203 2579 [Raynerio]
1219 2492 1425 2574 patriarchae
1446 2490 1640 2556 Antiocheno
1663 2490 1813 2565 concedit,
1843 2493 1878 2554 ut
1903 2491 2039 2556 Graecos
2065 2507 2141 2552 suae

495 2597 618 2664 diooesrs
639 2599 684 2664 ad
704 2599 839 2664 decimas
860 2599 1023 2664 solvendas
1045 2603 1187 2662 coartare
1209 2598 1320 2661 ualeat.
1795 2595 1888 2672 1225,
1913 2594 1978 2659 Iul.
2001 2595 2053 2657 18.

595 2718 669 2774 Han.
689 2719 746 2772 III
762 2720 828 2786 Rea.
854 2719 909 2773 Vol.
936 2718 963 2782 V,
983 2721 1035 2784 68,·
1053 2716 1116 2770 Lib.
1134 2717 1191 2784 IX,
1212 2719 1275 2770 373.

998 2987 1006 3004 .
1037 2987 1045 3004 .
1073 2929 1329 3022 patriarche
1357 2927 1646 3001 Antiocheno.

600 3079 683 3144 Cum
707 3081 829 3145 tributa
851 3081 1018 3165 egentium
1035 3081 1216 3144 animarum
1240 3079 1305 3141 sint
1328 3076 1465 3156 decime,
1489 3099 1570 3162 quas
1594 3077 1627 3141 in
1651 3077 1779 3160 signum
1796 3075 1993 3140 universalis
2009 3073 2145 3138 dominii

500 3185 556 3247 sibi
578 3183 739 3248 Dominus
764 3185 959 3264 reservavit,
990 3206 1009 3247 a
1039 3183 1200 3247 solutione
1230 3182 1376 3267 ipsorum
1411 3201 1508 3244 nemo
1538 3181 1759 3264 cuiuscunque
1789 3178 1930 3242 nationis
1954 3176 2146 3242 subducitur

500 3285 711 3369 Christianus,
736 3289 897 3372 quianon
921 3296 971 3352 est
994 3287 1027 3351 iu
1050 3287 1111 3350 hac
1133 3293 1227 3373 parte
1252 3284 1351 3349 Greci
1375 3282 1550 3364 distinctio,
1574 3282 1705 3347 barbari
1727 3283 1781 3347 vel
1795 3281 1915 3346 Latini.
1960 3280 2146 3367 Eapropter

501 3389 693 3468 fraternitati
715 3397 771 3454 tue
795 3391 1019 3470 concedimus,
1043 3396 1078 3454 ut
1102 3389 1226 3454 Grecos
1250 3389 1283 3452 in
1307 3394 1363 3451 tua
1385 3387 1509 3451 diocesi
1533 3387 1752 3451 consistentes
1776 3384 1817 3448 ad
1840 3383 2032 3448 solvendum
2055 3381 2145 3446 deei-

502 3511 566 3556 mas
589 3493 682 3558 iuxta
706 3494 975 3559 consuetudinem
996 3494 1188 3557 Latinorum
1212 3499 1277 3556 tam
1301 3491 1496 3555 auctoritato
1518 3497 1630 3554 nostra
1653 3493 1830 3574 quamtus
1851 3487 1962 3550 valeas
1986 3491 2142 3550 coartare.

604 3611 682 3676 Dat.
705 3613 820 3694 Reate,
844 3614 908 3678 XV
931 3613 1007 3678 Kal.
1033 3613 1184 3698 Augusti,
1206 3632 1293 3677 anno
1316 3610 1377 3674 IX.

1120 3877 1531 3889 -..——0-.----·-——-·...-.-

1280 4132 1366 4203 278.

609 4251 814 4346 Fridcrieus
835 4279 1049 4342 &manorum
1071 4276 1242 4356 imperator
1262 4270 1419 4336 uniuersis
1445 4272 1552 4331 notum
1578 4265 1671 4345 facit,
1701 4284 1733 4329 se
1749 4266 1961 4345 personaliter
1980 4265 2103 4329 iurasse
2124 4266 2153 4326 et

505 4387 537 4448 in
558 4387 669 4450 anima
691 4403 750 4448 sua
766 4381 971 4465 Raynaldum
993 4385 1102 4444 natum
1119 4377 1274 4460 quondam
1297 4375 1385 4438 duas
1401 4371 1563 4452 Spoletani
1584 4371 1693 4434 iurare
1713 4369 1831 4448 fecisse,
1853 4368 1936 4450 quod
1956 4368 1997 4432 ab
2019 4366 2153 4430 instanti

506 4491 644 4571 Amana
662 4488 839 4570 praeradia
860 4485 942 4550 anni
963 4483 1007 4548 ad
1032 4483 1110 4547 duos
1131 4499 1234 4546 annos
1254 4478 1290 4541 in
1312 4477 1488 4542 subsidium
1512 4474 1627 4538 Terrae
1650 4472 1786 4538 Sanctae
1808 4471 2003 4535 transituram
2024 4469 2153 4534 ibidem·

384 4573 391 4578 ⁵
506 4614 560 4672 que
585 4613 645 4672 per
672 4591 831 4656 biennium
861 4589 947 4654 mille
977 4587 1091 4652 milites
1121 4589 1264 4648 tenturus
1290 4582 1348 4658 sit;
1376 4579 1589 4659 depositurum
1621 4577 1752 4655 insuper
1781 4574 1817 4636 in
1843 4573 1989 4636 manibus
2018 4573 2100 4654 repis
2125 4574 2155 4634 et

504 4695 702 4774 patriarchae
724 4692 1003 4776 Hierosolynritani
1033 4695 1062 4753 et
1089 4687 1232 4771 rrnrpistri
1255 4683 1433 4767 Hospitalis
1457 4679 1693 4744 Teutonicornm
1723 4680 1844 4740 eentum
1869 4674 1959 4738 milia
1987 4676 2154 4740 unciarum

508 4801 586 4876 anri,
609 4819 689 4880 quac
710 4796 771 4859 sihi
791 4799 860 4876 post
876 4794 1165 4874 transfretationem
1179 4789 1356 4854 reddantur
1377 4788 1413 4850 in
1435 4782 1595 4851 seruitium
1609 4779 1674 4845 Dei
1693 4777 1904 4858 expendenda,
1926 4776 1970 4839 ad
1990 4777 2155 4840 eomndan

510 4907 607 4964 eatan
629 4898 799 4963 arbitrium
819 4897 1046 4978 expendantur,
1068 4897 1098 4960 si
1119 4913 1183 4958 non
1205 4892 1376 4956 transierit.
1886 4879 1980 4956 1225,
2003 4877 2068 4942 Iul.

608 5018 681 5072 Hori.
701 5019 755 5071 ΙΙΙ
769 5017 838 5084 Rea.
856 5017 919 5072 Lib.
938 5017 975 5082 X,
994 5020 1038 5070 8⁸.

608 5104 664 5160 Ed.
684 5105 779 5168 Perta,
802 5103 861 5158 LL.
885 5106 903 5157 t.
928 5104 973 5166 11,
993 5119 1023 5172 p.
1042 5105 1107 5154 255.

613 5269 800 5278 -—---——

611 5387 633 5450 ¹)
653 5386 708 5438 Lib.
728 5381 772 5446 60,
789 5381 806 5434 8
824 5382 910 5450 Rapa.
927 5400 952 5432 a.
971 5385 1040 5434 1225
1057 5381 1074 5444 §
1091 5387 1123 5440 45
1141 5378 1236 5430 Pertzii
1252 5377 1328 5429 editio
1345 5391 1486 5426 munierum
1503 5387 1557 5422 non
1573 5369 1678 5420 induar.
