4590 6366
448 385 511 449 564
1030 377 1078 435 EX
1097 375 1271 436 canace-11
1290 377 1328 432 IX
1346 375 1526 434 REGIS'I'RO

449 557 564 622 salutis
597 556 756 636 incurrat,
792 553 964 641 providere
992 552 1250 620 misericorditer
1277 550 1496 638 dignaremur.
1542 551 1704 627 Quocirca
1732 551 1884 618 districte
1923 550 2026 616 vobis
2064 572 2124 638 per

448 660 631 746 apostolica
666 660 788 745 scripta
821 657 1032 738 mandamus,
1076 658 1229 743 quatinus
1264 656 1304 720 de
1340 655 1632 720 consuetudinibus
1668 663 1701 720 ct
1733 657 1869 740 legibus
1913 655 2122 742 supradictis

449 763 589 828 sollicite
612 762 828 847 inquirentes,
859 761 886 824 si
910 762 1003 826 vobis
1035 761 1220 825 constiterit
1243 760 1288 823 ita
1311 781 1401 839 esse,
1436 759 1636 825 denuntietis
1666 760 1871 824 comitissam
1901 758 2056 824 eandem
2080 757 2121 821 ad

449 866 714 930 observationem
747 885 875 944 earum,
908 885 970 948 quc
1000 865 1206 949 iniquitatem
1237 869 1270 926 et
1301 863 1493 926 iniustitiam
1521 863 1703 942 continent,
1735 883 1801 927 non
1832 863 1961 927 teneri.
2022 861 2121 935 Quod

449 971 477 1034 si
500 991 565 1032 non
590 989 703 1033 omnes
728 974 789 1032 etc.
1282 967 1285 982 '
2181 997 2191 1034 ⁵

556 1089 633 1153 Dat.
655 1096 692 1153 ut
715 1110 823 1174 supra.

1235 1456 1322 1529 668.

557 1581 747 1692 (damoetas
769 1609 825 1704 lX
841 1631 930 1691 papa
962 1609 1128 1694 [Geretae]
1155 1610 1293 1690 eprisccpc
1315 1610 1486 1674 Brieiensi
1513 1611 1658 1689 mandet,
1688 1618 1725 1676 ut
1752 1614 1934 1699 despiciente
1968 1620 2121 1682 coertione

448 1715 569 1792 recepte
591 1713 922 1776 cecontmeaiceticaia
952 1715 981 1775 et
1008 1712 1168 1776 interdicti
1189 1714 1360 1776 aasentias
1380 1733 1401 1775 a
1426 1711 1620 1797 G[aifh·edo]
1642 1715 1729 1778 tituli
1750 1715 1864 1780 Sancti
1885 1719 2007 1784 Marci
2024 1743 2119 1801 percs-

449 1815 552 1900 bytcro
574 1814 734 1880 cardinali
754 1816 790 1878 ia
813 1817 892 1879 cioca
913 1819 943 1880 et
963 1816 1117 1880 civitatem
1139 1815 1380 1897 Bcrpemcrescm
1398 1817 1615 1898 praeelectas
1636 1819 1767 1882 retentet.
1815 1819 1864 1900 Os.
1887 1842 1922 1884 n.
1947 1826 2028 1886 492.

1811 1925 1826 1960 Γ
1885 1923 1900 1952 Τ

554 2002 635 2071 Gree-
654 2003 703 2056 IX
719 2003 787 2074 aeq.
812 2003 868 2056 re.
889 2001 920 2066 r,
941 2005 993 2070 aa·
1012 2001 1075 2056 me.
1093 2003 1150 2069 rx,
1167 2006 1230 2058 aaa.
1744 1925 1837 2001 1230,
1860 1924 1945 1989 tes.
1969 1929 2028 1990 23·
2165 1963 2188 2000 a

909 2281 911 2284 ,
1003 2272 1012 2289 .
1041 2272 1050 2289 .
1079 2215 1288 2308 episcopo
1316 2214 1552 2289 Brixiensi.

557 2367 640 2431 Cum
670 2367 747 2430 olim
784 2365 899 2430 civitas
926 2364 1159 2448 Pergamensis
1191 2369 1327 2449 propter
1355 2364 1443 2428 bella
1474 2365 1630 2428 intestina
1658 2364 1764 2429 divisa
1794 2375 1884 2432 esset
1916 2370 1952 2435 in
1985 2381 2114 2459 partes,

448 2470 581 2537 taudem
613 2472 646 2534 in
678 2469 834 2534 dilectum
864 2469 968 2532 filium
999 2475 1147 2532 nostrum
1177 2465 1216 2530 G.
1247 2468 1334 2530 tituli
1362 2467 1476 2531 Sancti
1498 2466 1600 2532 Marci
1629 2469 1860 2554 presbyterum
1890 2475 2114 2550 cardinalem,

449 2583 526 2640 tunc
550 2574 754 2660 inpartibus
778 2573 844 2636 illis
867 2572 1049 2658 apostolice
1073 2571 1161 2636 sedis
1184 2573 1344 2656 legatum,
1369 2571 1424 2656 qui
1446 2572 1665 2657 personaliter
1687 2575 1827 2638 accessit
1848 2575 1891 2639 ad
1915 2579 2046 2664 ipsam,
2071 2555 2112 2646 dc
2166 2619 2187 2658 n

448 2678 592 2766 parendo
620 2677 783 2742 mandatis
815 2677 882 2740 suis
912 2676 1051 2762 prestita
1073 2676 1230 2740 iuratoria
1253 2676 1404 2740 cautione
1427 2675 1651 2740 discordantes
1675 2679 1944 2762 compromittere
1969 2704 2114 2749 curare-

449 2790 533 2850 runt.
572 2782 727 2875 Cumque
750 2781 822 2865 ipsc
846 2779 991 2874 nobilem
1015 2780 1120 2843 virum
1149 2779 1186 2845 P.
1209 2778 1250 2843 de
1274 2779 1378 2843 Turre
1403 2781 1507 2844 civem
1530 2779 1810 2846 Mediolanensem
1834 2782 1877 2846 ad
1899 2785 2010 2870 ipsius
2036 2810 2112 2874 pro-

449 2887 577 2951 videret
603 2886 751 2970 regimen
785 2883 943 2964 civitatis,
978 2884 1054 2968 quia
1086 2882 1294 2968 postmodum
1329 2883 1369 2946 R.
1399 2882 1438 2947 de
1467 2883 1649 2962 Mandello,
1686 2885 1741 2948 illo
1773 2907 1839 2949 non
1874 2886 2042 2971 admisso,
2080 2894 2114 2956 in

448 2995 645 3076 potestatem
669 2988 730 3052 luit
753 2986 876 3051 ibidem
899 2993 1102 3072 assumptus,
1133 2986 1218 3051 idem
1243 2986 1417 3051 cardinalis
1439 2993 1574 3072 propter
1602 2988 1664 3052 hec
1688 2989 1807 3052 atalia
1830 2991 1862 3052 in
1887 2991 2046 3058 homines
2071 2996 2112 3060 de

448 3095 567 3158 Rivola
590 3099 623 3157 et
646 3091 687 3156 de
710 3090 845 3156 Suardis
869 3098 902 3155 et
925 3090 1069 3154 lautores
1099 3112 1137 3153 ae
1169 3111 1328 3174 sequaces
1359 3111 1472 3154 corum
1494 3092 1631 3175 protulit
1655 3093 2006 3161 excommunicationis
2032 3121 2110 3164 seu·
2162 3133 2185 3171 ,ι

450 3197 597 3276 tentiam,
622 3203 654 3260 et
677 3195 846 3259 matricem
867 3194 1041 3259 ecclesiam
1065 3200 1099 3258 et
1122 3214 1235 3258 eorum
1256 3195 1446 3279 parrochias
1471 3196 1643 3280 supposuit
1664 3197 1886 3262 ecclesiastico
1910 3200 2111 3278 interdicto;

449 3301 568 3384 qulbus
591 3299 721 3364 demum
746 3299 959 3364 offerentibus
984 3321 1020 3363 se
1049 3299 1169 3361 nostris
1193 3299 1321 3383 precise
1345 3297 1478 3363 obedire
1509 3298 1686 3380 mendatis,
1715 3300 1774 3363 tibi
1798 3301 2046 3386 mandarimus,
2075 3313 2112 3370 ut

449 3404 477 3467 si
501 3425 600 3489 super
623 3403 710 3467 illius
733 3402 769 3466 P.
794 3403 943 3481 iniuriis,
967 3401 1062 3464 iustis
1085 3399 1237 3485 dampnis
1261 3408 1295 3465 et
1317 3400 1494 3465 moderatis
1519 3402 1675 3487 expensis
1699 3402 1928 3468 satisfacerent
1953 3413 1987 3470 et
2014 3409 2109 3472 suffi-

449 3507 590 3571 cientem
613 3506 797 3571 cautionem
819 3511 1023 3590 prestarent,
1047 3503 1133 3589 quod
1155 3524 1214 3588 pro
1237 3524 1335 3588 posse
1360 3525 1419 3568 suo
1442 3505 1701 3569 exterminarent
1723 3506 1886 3572 hereticos
1910 3514 1945 3572 et
1969 3532 2108 3577 conser-

450 3615 566 3674 varent
588 3609 730 3674 ecclesie
754 3608 951 3688 libertatem,
976 3606 1108 3671 easdem
1127 3607 1308 3671 sententias
1332 3607 1424 3672 iuxta
1445 3608 1582 3672 formam
1599 3608 1740 3673 ecclesie
1763 3610 1941 3676 relaxares.
1987 3615 2109 3703 Nuper
2161 3647 2184 3686 ss

448 3719 557 3778 autem
583 3712 754 3778 venientes
777 3711 819 3775 ad
841 3711 1042 3796 presentiam
1066 3717 1211 3774 nostram
1237 3710 1297 3774 viri
1319 3711 1508 3796 prudentes,
1532 3710 1685 3776 videlicet
1706 3712 1869 3778 Iohannes
1891 3715 1933 3780 de
1956 3717 2050 3784 Biffa
2073 3728 2108 3785 et

447 3817 505 3880 La.
521 3817 655 3897 Rosiae,
680 3815 796 3880 sindici
820 3822 854 3877 et
875 3819 1105 3899 procuratores
1128 3820 1194 3877 tam
1219 3815 1366 3878 comunis
1390 3834 1486 3900 quarn
1511 3813 1673 3878 dictorum
1690 3815 1857 3881 hominum
1873 3818 1913 3883 de
1931 3820 2056 3887 Rivola
2073 3833 2107 3889 et

447 3920 488 3985 de
508 3919 653 4000 Suardis,
676 3919 771 3982 nobis
786 3917 956 3981 humiliter
972 3917 1207 4003 supplicarunt,
1230 3923 1267 3981 ut
1282 3917 1453 4003 providere
1472 3938 1570 4003 super
1590 3918 1652 3982 hiis
1668 3920 1922 3987 misericorditer
1946 3923 2105 4010 dignare-

447 4045 535 4104 mur,
560 4043 632 4086 cum
656 4026 812 4085 statutum
836 4020 991 4084 salarium
1014 4021 1189 4105 potestatis
1213 4021 1355 4084 civitatis
1379 4021 1526 4086 eiusdem
1551 4023 1593 4085 sit
1615 4027 1651 4086 ut
1674 4032 1824 4089 asserunt
1847 4027 2105 4112 quingentarum

446 4127 602 4191 librarum
624 4125 855 4211 imperialium,
883 4145 945 4209 quo
970 4125 1116 4209 quolibet
1149 4145 1234 4188 anno
1258 4125 1427 4209 regiminis
1451 4126 1500 4188 sui
1524 4147 1582 4210 pro
1607 4147 1641 4190 se
1665 4149 1704 4191 ac
1727 4127 1853 4192 duobus
1877 4129 2046 4196 iudicibus
2070 4142 2105 4198 et

447 4229 570 4292 familia
601 4227 799 4314 competenti
828 4227 928 4291 debet
961 4248 1035 4291 csse
1066 4233 1254 4308 contentus,
1288 4234 1320 4291 et
1353 4229 1499 4314 prelatus
1527 4229 1581 4308 P.,
1614 4231 1669 4315 qui
1698 4253 1757 4316 per
1786 4233 1925 4318 spatium
1956 4236 2105 4322 quinque

446 4333 608 4398 mensium
631 4353 696 4396 non
720 4332 811 4396 stetit
832 4330 971 4412 ibidem,
1003 4331 1044 4396 de
1072 4332 1213 4417 pecunia
1236 4332 1391 4396 comunis
1405 4332 1558 4418 Pergami
1582 4334 1646 4398 duo
1674 4337 1764 4399 milia
1786 4344 1968 4420 nongentas
1999 4341 2105 4406 libras

447 4437 671 4501 medianarum
695 4457 715 4499 a
736 4435 883 4522 predicto
907 4434 1064 4499 cardinali
1087 4435 1265 4520 receperit,
1295 4442 1394 4521 prout
1417 4437 1516 4501 etiarn
1538 4437 1762 4503 intelleximus
1784 4461 1844 4524 per
1866 4442 2027 4526 eundem,
2061 4470 2105 4513 ex

447 4560 510 4622 quo
533 4537 703 4619 dicebant,
727 4538 813 4622 quod
836 4539 945 4624 potius
968 4540 1094 4624 prefato
1118 4540 1248 4604 comuni
1271 4539 1444 4605 retundere
1468 4541 1656 4622 tenebatur,
1681 4564 1774 4628 quam
1799 4546 1938 4631 amplius
1963 4549 2105 4618 deberet

448 4642 594 4728 recipere
617 4643 658 4706 ab
682 4642 813 4716 eodem;
835 4650 1045 4727 procuratore
1068 4643 1188 4730 prefati
1211 4643 1330 4708 nobilis
1352 4644 1385 4708 in
1408 4651 1521 4708 nostra
1536 4648 1704 4731 presentia
1726 4649 1901 4713 constituto
1925 4663 2102 4721 asserente
2172 4721 2178 4732 ,

448 4746 648 4809 eontrarium
670 4752 703 4809 et
726 4745 892 4810 humiliter
914 4748 1116 4832 postulante,
1148 4753 1184 4810 ut
1215 4768 1280 4811 non
1310 4749 1400 4834 prius
1430 4749 1678 4813 absolverentur
1707 4750 1796 4814 cives
1820 4751 1973 4837 predicti,
2002 4778 2104 4842 quam

450 4849 491 4914 de
515 4849 671 4936 predictis
698 4849 863 4935 dampnis,
892 4850 1019 4914 iniuriis
1049 4856 1082 4914 et
1112 4851 1268 4935 expensis
1300 4850 1408 4915 eidem
1430 4851 1467 4915 P.
1492 4851 1721 4917 satisfacerent
1749 4861 1984 4939 competenter.
2032 4862 2104 4928 Ncs

291 4973 430 5026 numae.
448 4960 574 5032 autem,
604 4953 692 5017 illius
723 4954 888 5019 imitantes
911 4953 1054 5038 vestigia
1084 4953 1118 5017 in
1146 4953 1206 5018 hac
1230 4960 1322 5039 parte
1347 4956 1401 5040 qui
1425 4976 1538 5019 omnes
1563 4955 1670 5021 salvos
1694 4957 1764 5020 fieri
1788 4964 1821 5022 et
1841 4960 2006 5027 neminem
2032 4969 2106 5033 vult

446 5058 571 5144 perire,
596 5057 805 5122 attendentes
831 5057 930 5122 etiarn
954 5055 1039 5142 quod
1062 5056 1119 5120 ubi
1141 5057 1316 5121 multorum
1341 5065 1392 5122 est
1415 5064 1552 5142 strages,
1577 5059 1745 5123 severitati
1768 5066 1819 5125 est
1842 5061 1965 5146 aliquid
1988 5065 2105 5133 detra-

446 5160 606 5240 hendum,
638 5169 713 5246 post
744 5169 879 5248 recepta
906 5160 1088 5223 iuramenta
1114 5158 1156 5224 de
1189 5161 1334 5246 parendo
1366 5161 1528 5226 mandatis
1559 5162 1679 5226 nostris
1710 5162 1751 5226 ab
1781 5165 1861 5250 ipsis
1895 5168 2009 5233 oblata
2042 5175 2105 5239 sub
2161 5211 2187 5248 ω

406 5301 408 5304 -
446 5264 556 5330 debito
586 5266 717 5350 prestiti
748 5265 923 5330 iuramenti
951 5263 1174 5350 precepimus,
1208 5271 1244 5329 ut
1279 5271 1400 5330 statuta
1436 5272 1469 5330 et
1500 5265 1755 5330 consuetudines
1786 5277 1999 5352 revocentur,
2038 5295 2105 5362 que

407 5461 409 5464 Ι
447 5377 522 5434 sunt
545 5377 658 5435 contra
688 5370 947 5436 ecclesiasticam
975 5369 1170 5452 libertatem,
1206 5391 1267 5440 nec
1296 5391 1337 5435 ea
1358 5370 1411 5434 vel
1439 5370 1501 5434 hiis
1529 5371 1646 5435 similia
1673 5370 1714 5435 de
1741 5378 1849 5436 cetero
1879 5387 2106 5464 resumantur,

550 5547 701 5554 ...Η

552 5675 575 5746 ·)
593 5667 647 5728 reia
665 5677 697 5729 R.
