4524 6412
1013 406 1061 460 EX
1079 405 1254 460 abacorum
1272 404 1310 458 lx
1330 404 1511 459 REGISTRO

1220 720 1306 791 371.

543 831 734 942 Gregorius
749 861 804 924 IX
819 881 908 940 papa
923 859 1080 922 arrioersis
1091 858 1403 938 praeterieramus
1419 857 1536 933 scribit,
1558 879 1589 920 se
1611 857 1647 918 ia
1663 856 1863 922 Friderieam
1875 857 2092 921 Rormmorma

434 964 659 1044 imperatorem,
682 965 737 1043 qai
758 962 919 1027 mandatis
940 962 1083 1027 cortes-iae
1104 981 1169 1023 aaa
1189 961 1444 1040 obtemperaverit
1465 963 1493 1024 et
1516 961 1584 1025 licat
1599 961 1880 1025 eaeoramaaieatas
1901 962 1964 1026 sibi
1984 962 2094 1042 fecerit

434 1065 546 1129 diuina
573 1065 737 1144 celebrari,
770 1066 956 1130 sententiam
990 1066 1023 1128 ia
1056 1065 1135 1145 t'esto
1167 1065 1286 1130 Coeaae
1313 1062 1499 1128 Domiaieae
1528 1064 1650 1148 [Mart.
1680 1064 1742 1148 23]
1772 1083 1937 1128 renovasse
1968 1067 1998 1128 et
2025 1064 2094 1128 toea

436 1168 603 1250 quaelibet,
638 1169 682 1234 ad
709 1189 788 1250 qaae
820 1168 886 1248 ipse
913 1167 1103 1248 pervenerit,
1136 1166 1314 1230 submisisse
1346 1165 1509 1230 interdicto
1542 1167 1760 1244 ecclesiastem
1792 1171 1910 1244 maaet,
1943 1171 1979 1230 at
2010 1165 2094 1230 bane

435 1272 620 1335 senteutiam
647 1273 834 1336 denuntiare
861 1274 982 1358 eareat,
1012 1269 1066 1334 boc
1087 1269 1205 1333 adiecto
1227 1268 1358 1350 quodsi
1387 1270 1424 1332 m
1445 1269 1566 1333 duritia
1581 1272 1769 1350 perseveret,
1796 1269 1968 1349 formatore
1991 1269 2095 1350 possit

436 1393 468 1438 se
489 1375 559 1439 iare
580 1374 668 1454 feudi
686 1375 889 1454 privandam.
921 1357 927 1364 Ἀ
1637 1375 1731 1450 1228,
1753 1375 1883 1437 exeunte
1904 1372 2008 1439 Mart.

542 1493 623 1562 Grec.
643 1494 692 1546 IX
709 1493 778 1564 Ray.
797 1493 986 1557 11111111,
1022 1491 1142 1546 Edimas
1161 1509 1195 1546 ex
1213 1491 1305 1564 Rapa.
1325 1493 1397 1546 Ana.
1416 1493 1478 1546 ecel.
1496 1510 1522 1545 a.
1542 1496 1622 1561 1228,
1640 1495 1656 1556 §
1674 1496 1752 1548 2-4.

541 1579 678 1642 Parmae,
697 1581 767 1648 aeq.
786 1583 866 1634 aros.

440 1791 672 1864 Universis
704 1792 1076 1883 arehiepisccpiS,
1114 1793 1337 1885 episcopis
1370 1799 1448 1867 etc.
1482 1815 1558 1885 per
1584 1794 1792 1884 Apuliam
1820 1792 2094 1866 constitutis.

548 1941 677 2015 Quanto
700 1941 842 2006 nobilius
865 1941 1047 2006 membrum
1069 1941 1101 2004 in
1127 1943 1267 2006 ecclesie
1291 1963 1425 2028 corpore
1449 1942 1584 2022 leditur,
1608 1949 1698 2007 tanto
1722 1943 1901 2007 acrioribus
1925 1941 2094 2006 doloribus

441 2044 642 2125 cruciamur,
676 2046 734 2130 qui,
754 2044 865 2131 Cepha
888 2045 1012 2122 locum,
1046 2045 1125 2108 lieet
1151 2043 1425 2109 insufficientibus
1448 2046 1592 2124 meritis,
1624 2045 1820 2111 obtinemus.
1865 2046 1989 2110 Verum
2020 2045 2097 2131 quia

441 2153 565 2210 tectum
588 2148 720 2228 vulnus,
745 2149 772 2212 si
795 2149 977 2212 dimittatur
1000 2149 1167 2228 intactum,
1192 2148 1277 2212 solet
1299 2149 1332 2211 in
1356 2148 1546 2213 scandalum
1570 2150 1715 2235 eorporis
1738 2149 1836 2212 latius
1860 2149 2011 2234 evagari,
2035 2170 2096 2213 nos

442 2250 520 2314 clim
541 2252 628 2332 viso,
658 2251 744 2338 quod
767 2251 962 2316 Frederieus
984 2249 1206 2314 Romanorum
1230 2251 1407 2336 imperator
1430 2252 1571 2316 salutem
1594 2252 1759 2338 propriam
1781 2253 1989 2337 negligebat,
2019 2251 2096 2315 dum

442 2353 572 2419 salubre
594 2361 721 2434 votum,
754 2355 841 2440 quod
863 2355 936 2420 Deo
964 2361 1099 2418 voverat
1126 2354 1245 2418 additis
1275 2355 1482 2435 iuramentis,
1514 2355 1719 2420 detrectabat
1746 2357 1901 2420 exolvere
1931 2376 1996 2418 non
2026 2355 2097 2420 sine

442 2456 639 2521 detrimento
658 2457 735 2522 fidei
759 2464 792 2521 et
815 2458 908 2542 gravi
930 2457 1084 2522 scandalo
1101 2458 1201 2521 totius
1220 2458 1332 2543 populi
1349 2457 1537 2534 Christiani,
1561 2459 1638 2542 quia
1652 2459 1745 2522 iuxta
1761 2459 1918 2545 sapientis
1935 2457 2095 2523 edictum:

443 2560 607 2624 ‘Vulnera
629 2559 705 2623 dum
729 2581 837 2640 sanas,
861 2559 955 2624 dolor
977 2567 1028 2625 est
1050 2559 1211 2624 medicina
1233 2559 1406 2640 doloris’1‚
1430 2560 1658 2625 medicinalem
1685 2561 1775 2625 Petri
1797 2560 1997 2646 gladiumin
2020 2583 2097 2626 eum

444 2665 649 2730 exseruimus
672 2665 705 2727 iu
729 2665 845 2750 spiritu
867 2664 1031 2744 lenitatis,
1062 2664 1410 2729 excommunicationis
1441 2665 1638 2728 sententiam
1660 2663 1874 2751 publicando,
1905 2686 2001 2750 quam
2025 2666 2097 2750 ipse

443 2770 477 2832 in
513 2789 548 2832 se
580 2768 783 2832 voluntarius
823 2768 947 2832 fecerat
978 2768 1194 2854 promulgari,
1232 2768 1296 2832 nisi
1337 2774 1459 2832 statuto
1493 2769 1632 2832 termino
1669 2769 1897 2833 transfretaret
1927 2769 1961 2833 in
1995 2767 2097 2833 'Perre

445 2870 565 2936 Sancte
589 2869 771 2935 subsidium
795 2876 828 2935 et
851 2870 917 2934 alia
938 2871 1100 2956 promissa
1115 2868 1259 2934 fideliter
1281 2869 1496 2956 adimplerct;
1520 2878 1690 2957 sperantes
1714 2877 1751 2934 ut
1772 2892 1947 2957 percussus
1970 2870 2098 2943 dolens,

443 2974 485 3038 ad
507 2975 744 3060 percutientem
768 2995 804 3038 se
827 2974 860 3038 in
882 2974 1066 3044 humilitate
1097 2973 1218 3038 rediret
1240 2972 1407 3037 dominum
1439 2975 1643 3039 exercituum
1666 2973 1871 3059 requirendo.
1918 2973 1984 3040 Sed
2008 2972 2097 3059 quod

445 3075 596 3140 dolentes
619 3077 810 3158 referimus,
841 3078 996 3142 inclinato
1021 3076 1118 3142 corde
1142 3077 1338 3142 medicinam
1362 3078 1544 3142 exhorrens
1569 3085 1603 3143 et
1625 3080 1881 3164 increpationem
1904 3078 2098 3143 abominans

304 3199 349 3241 ros.
363 3203 431 3250 aaa
447 3178 633 3265 discipline,
665 3180 764 3245 immo
795 3181 949 3244 malleum
979 3181 1070 3245 velut
1102 3181 1255 3266 stipulam
1289 3186 1458 3266 reputans,
1489 3203 1554 3244 non
1586 3183 1691 3245 salum
1713 3182 1811 3245 ,nulla
1839 3181 2030 3266 penitudine
2061 3203 2097 3246 se

447 3283 603 3364 correxit,
631 3284 867 3348 verumetiam
897 3283 1043 3349 adiciens
1066 3291 1204 3370 peccata
1226 3285 1371 3369 peccatis
1395 3290 1509 3348 contra
1532 3305 1567 3348 se
1591 3283 1767 3348 Dominum
1791 3283 1960 3348 audaciter
1980 3284 2098 3364 irritat,

445 3386 530 3451 ultra
559 3408 655 3473 quam
687 3409 860 3452 recensere
891 3409 950 3452 nos
980 3387 1113 3468 deceat,
1143 3408 1183 3451 ne
1207 3388 1378 3452 videamur
1408 3389 1441 3452 in
1464 3388 1534 3452 eius
1557 3389 1708 3452 convitiis
1731 3387 1904 3460 delectari,
1931 3387 1986 3471 qui
2018 3407 2096 3450 eon-

445 3489 630 3554 versionem
661 3491 731 3556 eius
764 3489 1029 3555 desiderabiliter
1056 3497 1280 3576 expectamus.
1322 3491 1415 3582 lnter
1445 3492 1511 3554 alia
1541 3512 1680 3576 namque
1712 3492 1820 3556 claves
1848 3489 1987 3555 ecclesie
2018 3510 2097 3558 ecn-

400 3578 408 3598 ⁸
447 3599 614 3674 temnens,
652 3593 769 3678 quibus
803 3593 964 3658 Dominus
999 3593 1096 3657 beato
1131 3594 1230 3658 Petro
1267 3601 1299 3658 et
1335 3595 1582 3659 successoribus
1616 3596 1687 3659 eius
1720 3593 1845 3679 ligandi
1880 3599 1915 3658 et
1949 3591 2099 3657 solvendi

446 3697 582 3761 contulit
604 3697 819 3783 potestatem,
848 3697 1013 3761 sibi‘faeit
1036 3697 1195 3761 celebrari
1224 3699 1277 3762 vel
1307 3698 1434 3783 patius,
1464 3698 1676 3782 quantumin
1703 3697 1775 3783 ipso
1803 3703 1871 3778 est,
1900 3696 2098 3783 prophanari

445 3798 565 3878 divina,
589 3800 622 3862 in
645 3801 811 3865 enormius
835 3801 942 3865 anime
969 3821 1027 3864 sue
1043 3799 1226 3886 periculum
1243 3806 1276 3864 et
1293 3801 1540 3865 enervationem
1556 3801 1654 3865 totius
1672 3800 1896 3865 ecclesiastice
1913 3797 2097 3885 discipline.

445 3900 541 3966 Unde
562 3903 728 3984 timentes,
750 3925 792 3968 ne
816 3904 914 3989 plaga
936 3903 1006 3967 eius
1022 3902 1116 3967 fieret
1138 3903 1269 3988 penitus
1286 3903 1513 3988 desperabilis,
1538 3904 1566 3967 si
1590 3905 1674 3968 male
1690 3903 1955 3989 permitteremus
1980 3902 2098 3966 obduci

445 4006 590 4090 neglecti
620 4007 765 4071 vulneris
795 4005 1001 4084 cicatricem,
1033 4010 1067 4070 et
1099 4025 1138 4068 ea
1170 4006 1353 4071 insanabile
1381 4027 1444 4091 quc
1473 4006 1665 4072 insensibile
1696 4005 1904 4083 redderetur,
1935 4006 2098 4090 malagma

447 4108 630 4173 studuimus
653 4131 819 4196 apponere
844 4109 1036 4173 sanativum.

553 4211 687 4277 Utinam
719 4212 861 4277 studium
891 4219 1037 4276 nostrum
1067 4217 1214 4298 optatum
1241 4210 1413 4276 habuisset
1443 4213 1615 4277 effectum!
1662 4211 1745 4276 Oum
1779 4211 1866 4277 enim
1899 4211 1953 4298 pie
1985 4230 2097 4274 recor-

446 4313 588 4378 dationis
604 4316 772 4380 Honorius
788 4337 874 4402 papa
888 4315 1103 4402 predecessor
1116 4321 1229 4379 noster
1243 4337 1303 4401 per
1317 4315 1403 4380 bone
1418 4315 1576 4380 memorie
1592 4315 1812 4380 Tusculanum
1830 4321 1863 4378 et
1879 4313 2098 4378 Sabinensem

448 4417 622 4503 episcopos
652 4424 686 4482 ct
715 4417 871 4484 dilectum
901 4420 1003 4484 filium
1033 4419 1224 4503 magistrum
1249 4418 1289 4483 G.
1319 4419 1480 4483 notarium
1508 4425 1655 4483 nostrum
1683 4425 1717 4482 et
1738 4416 1922 4483 Roffridum
1944 4417 2099 4481 clericum

448 4541 578 4585 camere
609 4528 720 4586 nostre
751 4527 785 4586 et
812 4523 965 4587 abbatem
999 4521 1110 4586 Sancti
1133 4520 1266 4585 Martini
1289 4521 1511 4586 viterbiensis
1542 4520 1772 4586 Cisterciensis
1801 4519 1923 4584 ordinis
1956 4519 2098 4584 eundem

447 4622 679 4708 imperatorem
698 4622 837 4688 diversis
860 4623 1061 4709 temporibus
1086 4644 1184 4708 super
1203 4623 1341 4688 diversis
1365 4624 1522 4702 articulis,
1546 4624 1580 4687 in
1604 4624 1721 4708 quibus
1737 4623 1845 4688 Deum
1868 4629 1902 4687 et
1923 4623 2099 4688 eeclesiam

448 4726 592 4808 graviter
635 4725 840 4807 offendebat,
886 4726 1061 4811 diligenter
1106 4727 1304 4790 commoneri
1342 4727 1494 4790 fecisset:
1540 4748 1599 4790 nos
1636 4726 1741 4790 adhuc
1784 4727 1995 4791 humiliantes
2033 4727 2098 4790 viru

449 4829 653 4892 auctoritatis
677 4829 833 4908 ecclesie,
864 4829 906 4894 ad
937 4829 1137 4915 presentiam
1167 4829 1238 4893 eius
1262 4828 1402 4893 dilectos
1431 4830 1515 4894 filios
1540 4877 1547 4891 .
1573 4877 1580 4892 .
1605 4829 1691 4894 tituli
1715 4829 1834 4894 Sancte
1859 4827 1981 4894 Sabine
2004 4851 2098 4916 pres-

448 4931 600 5015 byterum
636 4937 669 4996 et
697 4931 736 4997 0.
768 4930 881 4995 Sancti
913 4930 1042 4995 Nicolai
1074 4931 1107 4995 in
1139 4930 1279 4996 Carcere
1308 4930 1460 4996 Tulliano
1496 4931 1668 4996 diaconum
1699 4930 1881 4996 cardinales
1913 4932 2099 4997 curavimus

369 5056 370 5060 ¹
449 5033 648 5114 destinare²,
685 5041 722 5098 ut
753 5055 829 5100 eum
860 5055 958 5120 super
987 5034 1155 5120 premissis
1188 5041 1221 5098 et
1252 5034 1529 5118 subsequentibus
1559 5036 1631 5099 viee
1662 5041 1775 5098 nostra
1805 5033 1981 5099 salubriter
2008 5056 2097 5098 ccm-
2148 5072 2175 5112 a

450 5144 631 5202 monerent.
677 5137 742 5211 Qui
764 5137 843 5200 lieet
865 5135 906 5201 de
924 5137 1189 5222 contingentibus
1207 5138 1253 5201 nil
1269 5139 1448 5218 omiserint,
1471 5158 1675 5223 nequaquam
1691 5145 1802 5201 tamen
1825 5159 1900 5202 eum
1921 5144 2100 5223 potuerunt

449 5239 491 5304 ad
513 5241 729 5327 penitentiam
752 5260 915 5304 revocare.
959 5239 1094 5304 Utinam
1116 5239 1157 5305 ad
1171 5242 1337 5324 ¹nequiora
1357 5261 1563 5325 nequaquam
1585 5261 1701 5304 manus
1724 5240 1855 5304 illicitas
1879 5241 2098 5306 extendisset!

450 5345 560 5419 Quare
590 5365 632 5409 ne
663 5343 850 5408 videremur
878 5343 1007 5408 deferre
1035 5344 1159 5408 homini
1190 5352 1303 5409 contra
1331 5344 1456 5426 Deum,
1485 5365 1563 5410 cece
1591 5343 1749 5408 iustitiam
1777 5343 1811 5406 in
1837 5343 1993 5408 iudicium
2020 5364 2098 5408 cou-

554 5603 580 5668 1)
598 5617 696 5656 cerum
714 5603 876 5655 hexameter.
954 5601 981 5668 2)
1004 5600 1131 5655 1711111111
1149 5605 1175 5656 et
1194 5599 1334 5656 Oddoaem
1352 5603 1431 5668 1227,
1449 5615 1540 5653 measa
1557 5598 1641 5666 Dec.;
1659 5598 1745 5668 Ryee.
1764 5601 1798 5654 de
1816 5602 1846 5655 S.
1866 5599 1956 5655 aaa.
1973 5617 1999 5656 a.
2018 5605 2099 5664 1227,

449 5688 498 5744 aa.
516 5688 601 5754 11111,
617 5705 647 5758 p.
668 5691 723 5741 ers
740 5693 767 5743 a
785 5690 847 5742 349.
2149 5706 2175 5746 a
